3216 5082
719 249 938 310 -12-

190 427 291 489 simile
308 445 375 490 esse
391 427 530 489 coniecit.
564 427 602 488 Iu
619 428 730 490 ceteris
747 432 853 490 autem
866 426 1102 509 Marquardtius
1117 445 1169 489 me
1184 431 1285 489 toturn
1298 426 1472 488 assentien-

190 539 255 596 tem
278 533 372 610 habet
396 534 451 616 qui
474 534 556 594 inter
579 552 737 616 augurum
761 539 791 596 et
813 532 998 616 pontificum
1019 551 1188 595 numerum
1204 531 1473 594 necessItudiuem

191 639 570 722 quandamintercessisse
580 640 717 722 exponit,
728 645 764 702 ut
773 641 912 722 primum
923 640 1039 702 fuerint
1049 644 1252 721 tresaugurcs
1262 636 1473 721 etpoutifices,

191 749 247 831 qui
258 766 410 816 numerus
419 749 453 809 iu
464 747 595 810 coloniis
607 749 795 828 inveniatur,
812 745 1058 810 deiuchVumac
1071 752 1170 808 aetate
1180 747 1322 828 quinque
1334 764 1473 828 augures

191 859 221 916 et
238 855 380 936 quinque
395 851 567 936 pontifices
585 853 700 936 quibus
717 852 839 916 duobus
856 854 994 936 collegiis
1011 872 1066 915 rex
1087 855 1154 936 ipse
1166 861 1275 914 sextus
1287 851 1474 931 interfirerit,

190 965 259 1022 tum
286 960 332 1022 rei
359 957 504 1042 publicae
530 958 647 1021 liberae
675 959 867 1042 temporibus
895 978 952 1022 sex
981 977 1116 1041 augures
1150 965 1181 1020 et
1213 978 1270 1021 sea
1293 957 1474 1040 pontifices,

193 1066 279 1130 unde
302 1085 368 1129 uon
391 1066 494 1129 solum
519 1086 677 1148 augurum
700 1104 742 1112 —
766 1067 798 1129 id
824 1068 908 1150 quod
931 1075 961 1129 et
984 1068 1050 1149 ipse
1066 1065 1175 1129 Liuius
1199 1065 1391 1128 adnotat-
1415 1066 1472 1128 sed

193 1176 287 1238 etiam
319 1173 505 1258 pontificum
537 1175 706 1256 collegium
742 1176 793 1238 vel
828 1181 929 1238 morte
964 1174 1100 1237 duorum
1141 1175 1190 1237 vel
1226 1174 1286 1236 alic
1325 1193 1400 1236 casu
1431 1174 1472 1234 ad

191 1287 339 1365 quattuor
360 1281 521 1344 redactum
544 1300 612 1344 esse
635 1284 784 1365 sequitur.
816 1281 885 1345 Sed
909 1283 985 1344 haec
1008 1282 1167 1344 hactenus.
1185 1317 1227 1326 -
1245 1279 1396 1343 Nostrum
1420 1287 1470 1342 est

192 1392 367 1473 inquirere,
408 1394 516 1453 utrum
564 1390 699 1452 eundem
741 1395 899 1452 auctorem
943 1391 977 1450 in
1020 1389 1070 1452 bis
1113 1387 1267 1471 capitibus
1309 1388 1476 1450 retinuerit

196 1503 302 1561 noster
340 1516 433 1580 quem
467 1503 559 1560 autea
590 1498 664 1561 inde
696 1518 714 1560 a
746 1499 836 1560 tertio
869 1515 971 1580 usque
1004 1496 1043 1558 ad
1073 1497 1220 1578 quintum
1243 1501 1337 1579 caput
1359 1497 1475 1578 prima-

190 1608 273 1668 rium
307 1605 510 1688 sequebatur,
544 1625 584 1668 an
617 1605 715 1668 alium
747 1625 804 1668 seu
842 1604 880 1667 ab
905 1605 995 1667 initio
1019 1623 1083 1687 cap.
1108 1606 1190 1667 sexti
1213 1624 1269 1666 scu
1292 1605 1376 1666 intra
1397 1604 1476 1665 haec

190 1714 251 1775 tria
287 1712 390 1794 capita
427 1713 461 1773 in
491 1731 586 1774 usum
618 1715 784 1775 vocaverit.
835 1714 884 1774 Ac
913 1712 1050 1793 primum
1077 1711 1204 1794 quidem
1237 1730 1310 1773 cum
1342 1712 1475 1793 septimo

192 1826 222 1883 et
254 1824 364 1882 octavo
397 1820 497 1902 capite
530 1822 627 1883 oratio
665 1819 698 1882 P.
731 1817 822 1882 Decii
852 1821 954 1902 legem
991 1817 1160 1901 Ogulnium
1197 1818 1359 1882 suadentis
1400 1838 1476 1880 cou-

191 1928 342 2007 tineatur,
366 1925 507 2009 quaestio
532 1927 652 2007 existit,
676 1946 754 1988 uum
777 1925 888 1988 Livius
910 1927 944 1987 iu
968 1923 1177 2007 orationibus,
1201 1946 1279 2008 quas
1302 1927 1476 1988 narrationi

191 2035 315 2115 inserit,
349 2034 458 2096 eadem
490 2035 612 2097 ratione
643 2033 783 2097 fontibus
815 2053 894 2096 usus
927 2035 980 2114 sit,
1020 2053 1083 2115 qua
1120 2035 1152 2095 iu
1188 2034 1258 2096 aliis
1291 2035 1392 2116 operis
1424 2035 1476 2096 sui

192 2140 343 2226 partibus.
389 2141 463 2205 dam
487 2144 635 2224 quoniam
664 2143 747 2204 inter
775 2161 889 2210 omues
912 2143 988 2204 satis
1019 2147 1141 2204 constat
1164 2140 1290 2204 LIvium
1314 2142 1475 2204 rhetorum

192 2251 293 2333 magis
322 2269 417 2333 quam
439 2249 662 2312 historicorum
684 2251 856 2332 praeceptis
880 2249 1038 2312 imbutum
1062 2249 1172 2330 fuisse,
1201 2251 1269 2312 sine
1293 2248 1389 2312 dubio
1409 2251 1420 2332 j

192 2377 279 2420 nuuc
302 2356 489 2419 contendere
511 2356 618 2444 licebit
644 2359 679 2419 in
702 2356 897 2420 orationibus
922 2376 995 2420 eum
1018 2359 1145 2441 ingenio
1162 2363 1193 2420 et
1209 2358 1268 2420 arti
1284 2377 1360 2420 suae
1375 2359 1475 2440 magis

192 2465 365 2528 indulsisse
393 2485 489 2548 quam
517 2467 551 2526 in
579 2465 809 2528 narrandarum
840 2485 946 2528 rerum
971 2471 1085 2529 tenore.
1132 2467 1232 2549 Atqui
1255 2471 1372 2528 temere
1391 2466 1475 2548 Judi-

194 2571 279 2633 cium
302 2571 455 2634 ferremus
472 2572 499 2634 si
515 2590 555 2633 ex
571 2573 638 2634 suis
654 2575 776 2634 tantum
798 2591 878 2655 quae
897 2572 1091 2636 orationibus
1111 2575 1313 2635 continentur
1331 2578 1473 2636 nostrum

195 2678 368 2760 sumpsisse
395 2682 618 2759 statueremus,
647 2680 797 2761 quoniam
819 2681 887 2763 ipse
910 2698 943 2742 se
966 2679 1101 2743 fontium
1123 2680 1292 2763 perlegisse
1317 2681 1469 2743 orationes

195 2789 329 2848 testatur
338 2784 369 2866 1).
417 2783 507 2861 Quod
531 2788 565 2848 ni
588 2788 655 2870 ipse
677 2786 859 2868 iudicasset,
884 2788 1066 2850 certissimis
1094 2807 1135 2850 ex
1162 2788 1288 2850 iudiciis
1308 2789 1380 2870 jure
1405 2809 1473 2851 con-

196 2891 402 2954 cluderemus.
439 2891 520 2955 Sunt
543 2892 627 2954 euim
643 2893 802 2955 interdum
816 2894 900 2955 inter
916 2895 1128 2956 narrationem
1148 2895 1249 2975 ipsam
1274 2899 1304 2956 ct
1320 2896 1477 2957 orationes

198 2997 424 3080 discrepantiae
460 3017 540 3079 quae
572 3000 634 3061 nisi
667 2999 737 3062 aliis
770 2999 918 3063 adhibitis
958 2999 1139 3063 auctoribus
1181 3005 1266 3062 ortae
1303 3019 1371 3063 esse
1414 3021 1478 3063 nou

195 3107 330 3186 possunt
337 3100 369 3184 2).
405 3100 616 3166 Confirmatur
630 3105 728 3186 igitur
743 3106 787 3168 eis
805 3124 885 3188 quae
901 3124 957 3188 ego
974 3106 1132 3189 disputavi
1148 3107 1303 3168 sententia
1318 3105 1477 3169 Weissen-

196 3208 331 3290 bornii3)
365 3215 395 3272 et
417 3208 569 3291 Kohlii4),
608 3212 663 3293 qui
691 3229 741 3274 res
770 3218 800 3275 et
828 3215 1054 3276 sententiarum
1088 3212 1229 3275 ordinem
1266 3231 1305 3274 ex
1338 3213 1477 3276 fontibus

293 3439 313 3506 ¹)
333 3437 410 3493 Conf.
431 3438 617 3493 Liv.111.47.
638 3441 662 3494 5.
682 3442 728 3494 ΙΙΙ.
750 3442 790 3495 67.
814 3442 835 3494 1.
855 3441 887 3495 V.
908 3442 950 3495 27.
972 3441 1015 3517 12,
1032 3440 1077 3494 Vl.
1093 3441 1135 3494 40.
1155 3441 1177 3494 I.
1197 3441 1267 3494 XXI.
1283 3443 1326 3496 43.
1345 3443 1429 3496 XXII.
1444 3444 1478 3495 39

196 3529 280 3582 XXII.
301 3529 343 3582 60.
362 3528 483 3582 XXVIII.
503 3529 548 3583 43.
565 3529 712 3584 XXXVIII.
731 3532 774 3584 47.
793 3531 873 3585 XLII.
891 3531 932 3585 34.
952 3531 976 3584 2.
997 3562 1030 3570 -—
1049 3529 1158 3584 Primus
1172 3547 1267 3584 eorum
1283 3550 1352 3600 quos
1366 3532 1479 3586 laudavi

198 3617 324 3671 locorum
343 3615 379 3669 ob
398 3633 460 3669 eam
478 3617 628 3687 praecipue
648 3635 760 3673 oausam
779 3619 920 3673 notandus
939 3622 995 3683 est,
1016 3619 1091 3687 quod
1110 3637 1142 3673 ex
1161 3636 1193 3673 eo
1211 3619 1320 3674 Livium
1340 3621 1479 3675 orationes

197 3705 319 3760 tbutium
346 3705 517 3761 examinasse
546 3711 575 3761 et
603 3726 672 3776 quas
700 3726 757 3763 uon
785 3711 867 3778 aptas
896 3725 954 3762 esse
987 3713 1111 3764 censeret
1142 3727 1199 3762 nou
1233 3710 1384 3764 reddidisse
1417 3728 1479 3780 cog·

198 3795 330 3851 noscitur.

289 3885 310 3954 2)
330 3883 532 3954 Comparantur
549 3886 624 3941 inter
642 3903 683 3940 se:
701 3885 774 3940 VIII.
794 3886 836 3941 30.
857 3888 880 3940 7.
901 3890 930 3942 et
948 3887 1019 3942 VllI.
1040 3887 1081 3942 33.
1101 3887 1274 3952 21.,1X.27.
1294 3890 1308 3942 7
1329 3892 1358 3942 et
1376 3889 1420 3942 IX.
1436 3888 1478 3942 34.

203 3974 244 4027 14.
264 4005 298 4012 -
318 3973 469 4028 Praeterea
486 3975 572 4029 verba
589 3975 634 4028 IX.
655 3974 697 4028 33.
718 3977 746 4028 5:
773 3993 845 4040 ,non
862 3977 1027 4046 popularem
1047 3977 1137 4046 magis
1156 3995 1240 4045 quam
1256 3977 1363 4046 justam
1381 3995 1433 4032 nec
1450 3977 1481 4030 in

198 4063 299 4131 vulgus
319 4081 404 4131 quam
424 4063 532 4133 optimo
552 4064 652 4133 cuique
671 4064 838 4134 gratiorem“
860 4083 924 4118 cum
942 4070 1038 4120 tenore
1058 4065 1192 4121 orationis
1211 4067 1353 4134 sequentis
1368 4099 1401 4106 -
1419 4085 1479 4136 cap.

200 4151 234 4204 34
262 4183 295 4190 -
323 4169 381 4206 nou
410 4152 592 4219 conveniunt,
622 4154 697 4222 quod
725 4157 823 4207 auctor
850 4154 985 4209 orationis
1008 4154 1218 4209 infestissimum
1241 4155 1332 4224 plebis
1355 4155 1481 4210 libertati

199 4240 324 4309 Appium
342 4240 431 4310 fingit.

290 4331 311 4400 ³)
330 4330 360 4384 in
378 4331 520 4400 prooemio
540 4330 605 4385 edit.
625 4331 705 4384 mai.⁴
723 4350 789 4401 pag.
810 4333 852 4386 62.
1068 4402 1072 4411 Ι

290 4421 312 4489 ⁴)
332 4421 423 4476 Ueber
450 4421 545 4478 Zucck
574 4423 631 4482 und
659 4422 826 4494 Bedeutung
854 4422 902 4478 dar
930 4420 1034 4476 bivian.
1064 4421 1167 4476 Reden.
1214 4421 1309 4495 Progr.
1363 4423 1481 4478 Barmen

202 4510 270 4564 1872
288 4529 315 4582 p.
337 4511 379 4564 21.

1588 96 1594 435 l
