3216 5082
753 225 972 286 ...110-

223 399 405 464 consulares
428 400 523 484 vulgo
547 403 592 464 ita
614 396 836 486 supplerentur
847 403 875 480 ¹),
910 409 944 466 ut
977 411 1081 468 esseut
1109 405 1171 468 duo
1204 407 1296 489 paria
1322 408 1515 472 dictatorum

222 512 254 569 et
267 508 491 590 magistrorum
511 527 590 591 equ,
611 509 662 572 vir
678 509 911 590 illustrissimus
933 517 964 573 et
978 511 1130 576 fastorum
1146 513 1338 596 fragmentis
1356 521 1389 577 et
1405 516 1517 577 ceteris

222 614 383 678 latereulis
406 616 520 678 iterum
545 617 733 680 examinatis
757 617 822 680 alia
842 608 946 680 multo
964 618 1176 702 probabiliora
1198 623 1373 704 proposuit
1390 623 1517 705 supple·
1577 617 1578 658 l

220 720 372 803 meiat),
410 722 585 786 secundum
619 743 700 806 quae
739 724 825 787 solus
857 723 898 788 M.
924 724 1069 788 Valerius
1107 727 1238 790 dictator
1276 727 1366 790 dnos
1405 728 1517 791 hebuit

221 829 388 911 magistros
412 831 563 912 equitum,
587 849 723 913 quorum
746 832 833 913 prior
855 833 1039 914 magistratu
1064 853 1097 896 se
1114 825 1280 915 abdicauit,
1307 835 1394 898 alter
1409 842 1516 899 autem

220 955 293 998 cum
316 935 357 998 Μ’.
382 935 508 1000 Valerio
535 939 569 999 in
592 936 721 1000 Etruria
748 957 798 1000 res
820 940 924 1022 gessit
971 937 1059 1014 Quae
1087 942 1307 1024 supplementa
1334 949 1424 1004 recta
1448 961 1516 1005 esse

220 1063 294 1107 cum
316 1045 395 1108 mihi
418 1047 693 1128 persuasissimum
717 1047 772 1126 sit,
799 1046 874 1108 inde
897 1046 1050 1110 concludo
1074 1066 1147 1110 eum
1170 1049 1224 1130 qui
1248 1048 1353 1112 fastos
1379 1050 1515 1112 confecit

220 1171 260 1215 ex
283 1153 433 1216 laterculo
462 1153 617 1234 hausisse,
646 1173 708 1236 quo
735 1172 816 1235 quae
838 1152 948 1217 Livius
965 1156 1009 1244 in
1039 1155 1171 1218 diversis
1199 1155 1377 1218 annalibus
1407 1175 1443 1218 se
1467 1158 1513 1218 iu-

219 1261 344 1323 venisse
367 1260 443 1323 dicit
464 1261 508 1322 ita
530 1261 614 1322 inter
635 1279 668 1322 se
688 1259 945 1342 conoihabantur,
968 1267 1004 1324 ut
1020 1261 1060 1324 M.
1077 1261 1204 1326 Valerio
1221 1262 1283 1325 duo
1304 1243 1509 1326 diversorum

219 1367 381 1430 annalium
405 1366 652 1431 attribuerentur
674 1369 816 1450 magistri
840 1387 909 1450 equ.
948 1368 1022 1431 Jam
1044 1387 1119 1432 vero
1144 1369 1419 1452 exsequentibus
1437 1371 1509 1432 satis

219 1473 380 1556 apparebit
401 1479 502 1537 certos
526 1473 680 1557 quosdam
705 1475 868 1538 annalium
897 1477 1063 1559 scriptores
1091 1478 1215 1560 saepius
1240 1497 1342 1559 quarn
1369 1477 1451 1539 alios
1476 1474 1506 1549 Q.

217 1581 352 1644 llabium
368 1583 434 1646 sive
445 1584 664 1666 magistratum
677 1583 838 1665 quendam
849 1589 1010 1666 gerentem
1022 1584 1089 1647 sive
1100 1584 1324 1667 repudiantem
1337 1584 1506 1648 induxisse

217 1709 321 1772 neque
352 1691 438 1754 ullus
471 1690 580 1754 dubito
613 1691 690 1774 quin
714 1689 836 1754 verbis:
869 1691 903 1753 id
934 1692 1035 1774 magis
1065 1691 1156 1755 credo
1180 1712 1248 1774 squ.
1272 1693 1349 1755 illos
1376 1692 1506 1754 annales

218 1795 334 1879 quibus
357 1797 481 1881 saepius
501 1799 535 1859 in
550 1797 609 1861 hoc
624 1796 704 1861 libro
719 1797 815 1860 fidem
832 1797 968 1881 abrogat,
984 1796 1094 1862 Livius
1112 1798 1262 1861 rehrtatos
1278 1799 1368 1861 velit.
1405 1797 1502 1873 Quam

217 1905 433 1987 quaestionem
456 1909 618 1987 propterea
639 1905 806 1987 praecipue
833 1905 929 1987 tetigi,
953 1904 1038 1987 quod
1061 1907 1243 1987 nuperrime
1267 1903 1434 1988 Ungerus,
1459 1904 1504 1963 vir

217 2012 417 2075 doctissimus
440 2012 535 2076 fastos
558 2012 740 2075 consulares
762 2012 1032 2095 triumphalesque
1051 2012 1193 2075 omnium
1210 2013 1370 2095 optimum
1386 2012 1499 2074 fontem

215 2118 364 2181 historiae
385 2117 545 2181 Romanae
574 2117 866 2198 444444444411143),
898 2137 955 2202 ego
988 2124 1093 2181 autem
1126 2137 1199 2181 eum
1233 2121 1289 2201 qui
1323 2118 1499 2202 composuit

214 2226 266 2288 vel
289 2225 424 2289 confecit
443 2226 554 2307 fastos,
577 2226 728 2289 laterculo
752 2246 848 2289 usum
872 2245 940 2290 esse
964 2231 1063 2290 aetate
1085 2227 1233 2290 inferiore
1257 2228 1302 2290 eis
1328 2225 1495 2289 annalibus
1577 2211 1578 2230 ³

217 2352 296 2415 quos
320 2331 465 2416 capilli
490 2333 546 2413 §4
568 2331 679 2395 livius
702 2334 737 2394 in
759 2351 854 2396 usum
877 2334 1014 2412 vocavit,
1038 2333 1116 2394 mihi
1138 2334 1289 2416 persuasi.

307 2561 328 2629 ¹)
347 2560 428 2630 Corp.
446 2560 528 2616 inser.
547 2561 608 2615 Lat.
628 2561 648 2615 l.
667 2578 695 2630 p.
714 2559 775 2615 433.

308 2648 330 2718 ²)
350 2650 431 2718 Gorp.
459 2649 540 2704 inser.
569 2649 630 2704 lat.
659 2650 679 2701 1.
707 2668 735 2719 p.
764 2651 824 2704 566.
873 2649 953 2704 Hanc
985 2648 1195 2703 restitutionem
1226 2649 1351 2704 refutare
1382 2651 1491 2704 conatur

215 2736 359 2808 Zumptius
378 2756 447 2791 mus.
467 2737 553 2792 Rhen.
572 2737 667 2792 XXVI.
692 2756 719 2807 p.
739 2738 782 2792 28.
802 2755 827 2792 a..
848 2739 872 2792 2.
914 2738 1018 2792 Contra
1041 2740 1118 2791 totus
1138 2737 1288 2792 assentitur
1311 2739 1487 2792 Mommseno:

214 2828 250 2880 de
268 2827 342 2881 Boor
359 2826 426 2881 fasti
445 2826 562 2881 censorii
580 2827 674 2881 Berlin
695 2827 763 2882 1873
782 2846 809 2897 p.
830 2828 861 2880 'll
883 2845 900 2881 a
919 2830 960 2883 60.

303 2915 324 2986 3)
344 2916 375 2972 G.
394 2915 422 2970 F.
442 2917 549 2987 Unger:
578 2915 629 2971 Die
652 2917 789 2971 rbmisehe
813 2916 962 2972 Stadtaera
984 2917 1124 2973 Miinehen
1149 2919 1217 2972 1879
1240 2937 1268 2988 p.
1293 2919 1335 2973 75.
1359 2953 1394 2960 -
1414 2916 1491 2970 Miror

213 3005 354 3075 Ungerum
378 3023 413 3060 ne
436 3006 520 3060 verbo
539 3005 651 3075 quidem
674 3006 692 3060 1.
716 3006 734 3059 1.
758 3025 786 3075 p.
811 3007 845 3059 82
869 3007 905 3060 ad
928 3023 992 3060 444.
1017 3006 1070 3060 453
1093 3006 1259 3061 Mommseni
1281 3006 1489 3061 restitutionem

213 3112 454 3158 commemorasse,
473 3096 638 3166 praesertim
656 3113 721 3150 cum
738 3095 800 3149 had
810 3095 989 3151 restitutione
1008 3100 1126 3166 accepta
1145 3096 1252 3166 optime
1271 3097 1428 3166 explicetur
1446 3089 1490 3160 qui

212 3184 271 3238 fieri
289 3183 424 3254 poluerit,
449 3189 482 3239 ut
500 3184 567 3238 fasti
585 3184 771 3239 Philocaliani
789 3184 864 3240 hunc
883 3202 988 3240 annum
1008 3217 1041 3223 —-
1060 3185 1113 3238 453
1132 3217 1165 3223 -
1186 3184 1273 3238 Corvo
1292 3185 1319 3238 11
1337 3189 1368 3239 et
1387 3178 1489 3237 Rulli·

213 3291 288 3338 ano,
308 3275 429 3328 Idatiani
448 3279 542 3329 autem
562 3274 650 3329 Corvo
669 3277 697 3329 et
715 3274 865 3329 Aemilio
884 3275 1048 3329 tribuerent.
1087 3275 1190 3329 Contra
1208 3275 1336 3344 Ungerus
1355 3271 1489 3344 prioribus

214 3364 332 3418 retentis
351 3365 554 3434 supplementis
572 3364 681 3418 Livium
700 3381 791 3419 errore
808 3364 954 3418 inductum
973 3363 1052 3418 Fabii
1070 3365 1241 3418 dictaturam
1260 3365 1387 3419 omisisse
1406 3366 1434 3418 et
1451 3375 1488 3412 res

213 3457 308 3522 gestas
326 3453 401 3508 inter
420 3470 449 3508 se
468 3453 636 3517 confrrdisse,
656 3458 689 3506 ut
707 3469 781 3521 quae
799 3451 872 3506 ratio
890 3452 965 3506 inter
983 3453 1052 3506 duas
1075 3452 1230 3506 dictaturas
1248 3452 1418 3515 intercedat,
1431 3447 1488 3520 ,dig-

211 3542 290 3597 nosci
307 3561 365 3598 non
383 3543 485 3613 possit,
510 3543 637 3612 exponit,
662 3541 755 3612 Pighii
779 3546 812 3596 ut
834 3541 945 3596 videtur
963 3541 1084 3612 vestigia
1101 3559 1227 3612 premens
1246 3543 1296 3612 qui
1313 3541 1423 3596 Livium
1440 3539 1486 3591 hot
1575 3587 1576 3596 .

212 3632 274 3686 loeo
307 3632 454 3687 historiam
482 3632 555 3685 14414
584 3631 754 3686 contraxisse
782 3630 858 3684 dicit.
910 3630 974 3683 Jam
1000 3633 1100 3685 notum
1127 3635 1171 3685 est
1193 3631 1336 3700 Ungerum
1359 3631 1488 3699 quattuor

212 3719 371 3776 dictaturas
391 3737 529 3776 annorum
551 3720 612 3784 421,
636 3719 697 3785 430,
721 3721 781 3785 445,
805 3719 859 3774 453
887 3718 958 3772 veris
981 3719 1061 3772 annis
1079 3737 1161 3789 pares
1185 3722 1363 3789 computatas
1383 3727 1488 3772 censere

118 3819 120 3826 ⁴
213 3813 242 3864 et
258 3810 351 3866 nescio
371 3828 407 3864 an
426 3811 496 3864 haec
519 3809 557 3863 sit
580 3827 677 3875 causa,
702 3827 751 3864 cur
773 3809 882 3864 duobus
905 3806 1052 3864 dictaturis
1074 3809 1174 3878 positis
1193 3826 1278 3878 quam
1296 3807 1430 3878 plurimas
1447 3818 1487 3855 res

212 3902 307 3969 gestas
333 3900 399 3955 hnic
427 3918 500 3955 anno
528 3917 546 3953 a
572 3899 650 3955 Livio
670 3899 771 3954 omisso
789 3899 920 3954 vindicet.
958 3899 1012 3954 Sed
1039 3904 1153 3954 tanturn
1177 3899 1270 3964 abest,
1298 3903 1331 3953 ut
1353 3899 1406 3952 hoc
1428 3894 1485 3947 loco

212 3993 303 4043 totam
326 3991 399 4043 hanc
422 3989 617 4058 quaestionem
641 3988 748 4043 absolvi
770 4005 852 4058 posse
876 3988 1006 4054 arbitrer,
1035 3992 1069 4042 ut
1092 4007 1167 4042 nunc
1196 3988 1286 4043 solum
1310 4003 1416 4040 annum
1437 3977 1486 4033 453

212 4079 361 4148 respiciens
384 4079 413 4132 id
431 4095 559 4134 moneam
582 4079 725 4149 Ungerum
747 4077 836 4132 nimia
858 4079 994 4133 fastorum
1017 4077 1119 4131 fiducia
1137 4077 1208 4132 Livii
1231 4077 1316 4132 verba
1338 4069 1484 4145 neglexisse

213 4167 313 4235 quibus
340 4171 435 4222 noster
462 4184 520 4221 non
547 4184 642 4221 omnes
666 4170 778 4221 tantam
797 4165 977 4221 Etruscorum
1000 4167 1109 4220 cladem
1132 4165 1273 4220 rettulisse
1296 4165 1373 4220 dicit.
1410 4159 1484 4214 Hanc
1574 4163 1575 4180 ¹

213 4257 307 4309 autem
325 4254 402 4324 large
412 4254 583 4324 descriptam
596 4253 700 4308 Valerii
716 4254 922 4324 expeditionem
937 4253 960 4307 si
974 4253 1111 4319 tollimus,
1127 4253 1188 4322 jam
1202 4254 1259 4309 fere
1273 4253 1343 4307 nihil
1357 4252 1482 4306 habemus

213 4342 287 4412 quod
305 4341 354 4397 illo
373 4359 447 4396 anno
466 4341 617 4397 dictatorio
637 4347 749 4413 gestum
767 4359 826 4397 esse
841 4359 1010 4396 censeamus.
1029 4374 1063 4381 —
1083 4334 1482 4408 (144411111114441411111114114148

212 4451 276 4486 cum
302 4433 381 4486 fonte
408 4432 542 4502 primario
570 4432 642 4487 Livii
669 4432 856 4487 consentiunt.
885 4464 918 4471 —
945 4431 985 4486 De
1012 4433 1149 4484 fastorum
1175 4431 1228 4486 fide
1256 4432 1390 4486 historica
1416 4420 1480 4478 cons.
1573 4433 1574 4436 ’

212 4523 414 4581 Mommsenum
432 4522 474 4576 in:
494 4523 695 4592 l'crschungen
713 4525 745 4577 ll.
766 4524 826 4576 224.
