3134 5082
729 240 948 300 —ssfi—

202 415 301 503 δόξαν
321 421 365 496 εἰς
380 429 441 486 τοι·
456 415 596 503 ἀφανοῦς
611 415 672 506 τήν
687 415 869 504 πρόγνωσιν
884 425 1131 504 προςποιεῑσθαι
1147 417 1331 503 ἐπεχεὶρρει,
1351 415 1461 500 quibus-

202 545 274 589 cum
287 524 391 590 verbis
406 527 484 589 haec
499 525 638 589 Zonarae
654 543 848 608 quamquam
864 544 976 589 sensns
992 525 1076 589 haud
1091 544 1220 609 prorsus
1235 525 1318 588 idem
1335 529 1392 605 est
1407 543 1463 586 con·

201 631 329 696 ferenda
351 637 440 699 sunt:
464 635 518 700 xci
540 633 595 702 ἐπὶ
617 641 687 702 τοῖν
706 628 905 720 πραγμάτων
920 628 1121 718 δ’ἐοὼτερον
1135 642 1194 721 τῆς
1213 628 1314 702 αὐτοῦ
1330 633 1465 720 portatos

203 735 342 827 ονάσης
375 743 488 825 σοφίας
521 724 692 828 aemam
727 735 827 825 aega
859 743 914 810 aa
947 735 1169 827 προώγνοεως.
1222 740 1319 824 Apud
1354 737 1466 805 naua

203 851 308 912 antem
340 848 385 912 ais
417 846 585 932 capitibus,
618 865 699 931 quae
732 846 771 910 ad
798 847 881 912 idem
910 852 1035 931 tempus
1062 846 1225 914 referenda
1251 853 1327 912 sunt
1349 847 1370 909 i.
1395 864 1419 908 c.
1438 843 1466 906 ad

203 971 253 1018 res
280 959 353 1018 ante
379 975 519 1038 pugnam
542 954 737 1020 Sentinatem
763 953 861 1020 factam
887 953 1032 1038 prodigia
1058 954 1114 1018 iila
1141 954 1268 1038 quidem
1292 971 1468 1017 commemo

203 1065 328 1142 rantur,
362 1062 416 1126 sed
450 1061 587 1126 breviter
620 1067 744 1126 tanturn
779 1063 992 1146 attinguntur3
1030 1061 1225 1146 paragrapho
1260 1061 1344 1124 enirn
1381 1061 1469 1144 prima

88 1153 92 1162 ¹
204 1169 313 1251 capitis
338 1169 379 1232 23
402 1169 478 1234 haec
500 1170 663 1254 leguntur:
690 1186 742 1232 »ao
766 1188 849 1232 anno
872 1169 973 1232 multa
1000 1169 1143 1254 prodigia
1164 1168 1321 1275 iperuntq
1350 1173 1421 1230 turn
1441 1165 1470 1228 de

205 1276 373 1340 certarnine
410 1277 493 1340 inter
532 1281 691 1352 matronas
724 1277 871 1359 patricias
906 1281 936 1340 et
968 1275 1106 1360 plebeias
1141 1281 1208 1340 orto
1243 1276 1378 1359 scriptor
1411 1275 1471 1356 agit.

204 1381 276 1446 Jarn
299 1384 417 1448 mirum
440 1390 487 1448 est
510 1403 583 1448 cum
607 1403 703 1466 supra
725 1385 807 1448 inter
828 1381 955 1448 Livium
979 1391 1009 1447 et
1032 1381 1175 1452 Cassium
1199 1381 1333 1450 Dionem
1358 1387 1471 1448 tantun

205 1493 340 1552 statuere
355 1490 550 1572 potuerimus
566 1509 765 1571 eonsensum,
789 1496 825 1553 ut
840 1491 932 1554 etiam
949 1489 1045 1554 verba
1060 1492 1143 1552 inter
1158 1509 1192 1554 se
1208 1495 1410 1573 congnerent,
1431 1488 1472 1550 hic

205 1597 370 1680 scriptores
404 1602 508 1680 aperte
540 1599 622 1661 inter
649 1616 683 1660 se
710 1597 883 1660 dissentire.
939 1596 1000 1660 Sed
1027 1599 1226 1681 priusquam,
1259 1596 1335 1681 quid
1366 1616 1406 1659 ex
1433 1594 1472 1655 his

206 1703 457 1769 concludendum
485 1706 539 1786 sit,
567 1702 695 1768 uberius
723 1723 893 1788 exponam,
921 1709 1022 1770 cetera
1051 1725 1131 1788 quae
1158 1702 1271 1770 Dionis
1299 1701 1471 1787 fragmentis

205 1811 415 1892 continentur,
440 1819 470 1876 et
493 1812 577 1896 apud
601 1811 756 1891 Zenonem
779 1817 898 1892 extant,
920 1811 1123 1896 pertractabo.

294 1917 372 1982 Inde
405 1920 490 1983 enim
522 1940 540 1982 a
572 1917 691 2000 verbis,
726 1938 807 2002 quae
839 1939 934 2003 supra
966 1920 1133 2003 exscripsi:
1168 1923 1282 2004 σοφίας
1313 1919 1472 2004 ἐκομίσατο

207 2021 306 2108 δόξαν
337 2029 391 2093 καὶ
422 2023 636 2113 προγνώσεως
668 2027 806 2092 Zonaras
838 2028 965 2092 initium
996 2027 1070 2090 tacit
1102 2026 1327 2091 describendae
1358 2039 1472 2108 pugnae

207 2129 385 2196 Sentinatis.
447 2134 497 2206 Ac
533 2136 671 2219 primum
711 2135 838 2218 quidem
876 2135 910 2197 in
949 2133 1077 2210 Samnio
1115 2134 1326 2198 Volumnium
1364 2131 1472 2195 bellun

205 2257 313 2322 gerere
336 2242 462 2322 jussum
490 2261 558 2305 asse
582 2242 680 2304 -id
708 2242 792 2325 qnod
821 2248 851 2306 et
878 2244 982 2325 ipsum
1005 2241 1087 2306 Livii
1116 2245 1275 2305 auctorem
1299 2241 1370 2304 aliis
1395 2239 1473 2302 aliter

206 2365 273 2409 rem
305 2347 536 2431 exponentibus
568 2368 712 2413 narrasse
743 2348 882 2412 iidimus
907 2385 958 2430 -—‚
986 2355 1095 2412 contra
1124 2347 1230 2412 Gallos
1258 2357 1363 2412 autem
1393 2343 1473 2409 ambo

207 2454 352 2518 consules
380 2454 512 2518 Fabium
537 2453 733 2540 Deciumque
760 2456 913 2540 profectos
941 2457 1009 2520 sine
1032 2457 1098 2520 ulla
1121 2456 1281 2518 mentione
1304 2452 1473 2519 certaminis

207 2560 398 2645 collegarum
425 2562 526 2626 refert.
577 2563 651 2627 Jam
679 2562 794 2626 dixerit
822 2566 979 2648 quispiam
1008 2568 1163 2627 coartasse
1191 2561 1344 2626 Zonaram
1372 2559 1472 2625 Dionis

207 2671 421 2733 narrationem
458 2677 489 2733 ct
525 2669 564 2733 ob
597 2671 630 2734 id
664 2672 800 2754 priorem
834 2671 924 2735 Fabii
957 2671 1181 2755 profectionem
1216 2671 1366 2733 omisisse.
1424 2663 1474 2729 Sed

207 2775 540 2859 reprobandam'hano
563 2780 750 2842 sententiam
773 2785 936 2863 propterea
958 2797 1079 2859 censeo,
1104 2778 1189 2861 quod
1212 2795 1251 2840 ex
1272 2778 1372 2860 ipsius
1390 2775 1473 2859 cpite

208 2885 337 2947 matonis
364 2884 469 2948 verbis
497 2885 581 2969 apud
604 2883 740 2948 Dionem
768 2890 928 2948 auctorem
953 2884 1091 2948 Zonarac
1119 2902 1191 2947 eum
1218 2883 1317 2947 fuisse
1345 2883 1473 2946 ordinem

208 3009 315 3055 rerum
343 2989 493 3073 efficitur,
521 3011 616 3075 qnem
644 2999 753 3055 auctor
778 2993 947 3076 primarius
970 2991 1052 3054 Livii
1078 2988 1153 3053 ind'e
1177 3011 1195 3052 a
1218 2991 1318 3073 capite
1343 2989 1382 3052 26
1408 2985 1471 3069 §11

209 3096 344 3162 exhibet.
383 3097 494 3182 Neque
517 3101 600 3162 enirn
626 3101 653 3163 si
677 3101 832 3164 extitisset
854 3100 939 3183 apud
954 3098 1089 3162 Dionem
1105 3100 1192 3182 larga
1206 3097 1262 3160 illa
1278 3093 1474 3160 contentionis

210 3206 292 3268 inter
327 3204 459 3268 Fabium
494 3205 691 3290 Deciumque
728 3208 879 3288 narratio,
917 3208 1056 3292 primum
1091 3206 1227 3269 Zonaras
1265 3204 1474 3288 profectionem

211 3311 377 3375 Volumnii
400 3315 602 3397 expositurus
624 3314 721 3378 fnisse
743 3314 904 3398 putandus
929 3319 988 3394 est,
1017 3314 1072 3376 sed
1094 3313 1199 3398 potius
1221 3313 1266 3375 ita
1288 3331 1338 3374 res
1362 3310 1474 3374 cassius

211 3418 271 3483 Dio
298 3420 472 3503 prodidisse
499 3421 636 3504 videtur,
664 3428 699 3484 nt
725 3423 855 3486 ineunte
883 3441 965 3484 anno
994 3421 1103 3484 eodem
1127 3425 1266 3504 tempore
1289 3425 1320 3482 et
1343 3417 1474 3482 consules

211 3531 242 3589 et
267 3530 442 3610 praetorem
469 3529 503 3590 in
530 3530 708 3612 provincias
735 3529 890 3613 profectos
918 3548 986 3592 esse
1014 3534 1044 3590 et
1072 3531 1140 3591 tum
1168 3526 1262 3590 carbo
1286 3523 1473 3589 consulesiu

212 3634 340 3698 Etruria
373 3636 470 3720 Appii
506 3636 582 3700 belli
620 3637 750 3721 gerendi
784 3637 938 3700 rationem
972 3640 1111 3698 mutasse
1145 3635 1267 3697 diceret
1326 3632 1427 3709 Quem
1455 3629 1474 3690 si

213 3761 401 3808 consensum
434 3745 516 3808 inter
546 3745 665 3834 fontem
696 3746 882 3829 primarium
909 3743 991 3808 Liuii
1028 3750 1058 3808 et
1081 3743 1215 3807 Dionem
1248 3743 1297 3806 his
1328 3745 1362 3804 in
1394 3741 1475 3804 rebus

212 3851 426 3914 intercessisse
453 3850 618 3932 concedes,
645 3834 759 3916 melius
788 3852 845 3936 qui
872 3851 940 3914 fieri
968 3852 1116 3935 potuerit,
1144 3854 1180 3912 ut
1207 3867 1342 3932 sequens
1364 3860 1476 3931 pugnae

214 3957 384 4032 Sentinatis
408 3959 574 4043 descriptio
598 3960 682 4045 apud
704 3959 831 4023 Livium
854 3967 885 4023 et
908 3959 1060 4024 Zonaram
1085 3962 1283 4040 congrueret,
1309 3955 1475 4038 intellegere

213 4068 329 4150 poteris
339 4066 368 4147 1).
415 4067 488 4132 Jam
511 4067 607 4130 velim
630 4069 687 4132 hos
711 4068 851 4132 conferas
874 4069 971 4130 locos:

306 4260 327 4329 ¹)
345 4259 386 4315 De
417 4261 471 4314 hoc
498 4260 572 4315 inter
599 4261 708 4316 Livium
735 4265 764 4314 et
792 4259 910 4315 Dionem
938 4259 1124 4314 intercedenti
1153 4275 1287 4312 consensu
1315 4257 1374 4325 egit
1401 4267 1475 4323 nuper

215 4349 450 4418 Baumgartnerus
473 4349 503 4403 iu
526 4349 621 4404 libello
645 4350 695 4421 qui
716 4349 890 4404 inscribitur:
921 4347 1010 4403 Ueber
1033 4347 1077 4401 die
1098 4347 1211 4412 Quellen
1231 4347 1279 4400 dea
1298 4345 1407 4400 Cassius
1426 4341 1474 4396 Dio.

216 4436 363 4508 Tdbingen
385 4438 453 4492 1880
472 4457 499 4509 p.
514 4438 532 4491 4
550 4443 602 4494 eet.
645 4439 697 4494 Sed
724 4457 780 4495 non
810 4439 877 4493 satis
906 4441 1036 4492 accurate
1063 4455 1126 4491 eum
1154 4435 1182 4488 id
1209 4435 1306 4490 fecisse
1328 4433 1475 4505 pluribus?

216 4529 284 4590 locis
304 4530 460 4602 seruabis.
