3134 5082
602 285 821 347 -49-

37 459 237 525 Samnium
259 463 432 546 profectum
456 483 524 526 esse
539 469 652 544 namet,
677 483 750 526 eum
766 465 949 546 scriptorem
966 467 1108 525 nostrum
1126 466 1268 524 secutum
1284 479 1352 523 asse

38 575 210 652 apparet,
235 572 290 654 qui
313 591 409 654 snpra
430 573 464 633 in
488 573 506 650 ξ
533 573 581 634 18.
605 590 669 655 cap.
696 572 745 634 36.
788 570 828 634 Μ.
848 572 983 633 Atilium
1006 571 1188 633 Interamna
1210 571 1351 632 exercitu

41 675 179 739 relicto
201 674 335 740 Romam
358 678 556 740 comitiorum
579 697 674 740 causa
693 678 822 741 rediisse
842 676 1026 761 prodiderat.
1075 675 1144 752 Quo
1166 681 1350 759 argumento

44 803 267 868 quamquam
289 805 339 848 res
361 804 461 869 paene
484 785 665 866 absolvitur,
689 793 793 848 tamen
810 785 942 849 fortasse
961 784 1086 867 juvabit
1101 785 1263 848 nonnullis
1280 784 1350 846 aliis

46 894 218 973 quamvis
241 894 373 957 minoris
395 894 542 977 ponderis
565 895 758 976 argumentis
781 894 893 957 fulcire
914 894 996 956 hano
1024 912 1127 956 meam
1155 894 1351 956 sententiam.

48 995 205 1061 Silentia
237 1005 396 1083 praetereo
428 1019 577 1084 persaepe
603 1001 741 1063 inveniri
773 1019 943 1064 numerum
966 1001 1175 1081 octonarium,
1207 1000 1240 1062 id
1268 999 1352 1083 quod

49 1093 169 1190 supra
189 1108 254 1170 iam
276 1109 400 1190 monui,
427 1109 513 1171 etin
537 1109 710 1192 11111142.
736 1109 754 1189 §
780 1110 798 1170 5
822 1113 887 1172 tam
914 1115 1030 1172 temere
1053 1127 1203 1172 numeros
1226 1108 1351 1190 excogi-

50 1221 155 1276 tasse
178 1221 338 1278 auctorem
360 1214 451 1298 Livii,
475 1221 511 1279 ut
534 1218 561 1279 si
588 1217 742 1279 rationem
768 1218 942 1280 institueris
969 1235 1141 1300 perpaucos
1169 1216 1308 1279 hostium
1336 1235 1354 1278 1

52 1342 180 1406 pugna
211 1325 348 1388 evasisse
378 1323 438 1388 tibi
470 1324 638 1388 dicendum
670 1326 719 1387 sit.
775 1324 836 1387 Sed
868 1325 999 1388 fortasse
1029 1324 1110 1387 illud
1146 1325 1272 1388 maioris
1307 1329 1354 1386 est
1452 1405 1453 1410 ἵ

54 1430 235 1510 momenti,
258 1430 344 1512 qnod
367 1430 521 1514 qui'ordo
550 1449 657 1494 rerum
685 1432 719 1492 in
752 1429 906 1514 capitibus
939 1429 1194 1494 antecedentibus
1223 1430 1352 1492 32-37

55 1538 246 1619 invenitur,
283 1539 367 1602 idem
395 1544 441 1602 est
468 1541 502 1602 in
529 1540 645 1602 nostris
675 1538 818 1601 38—46:
851 1540 942 1602 initio
976 1541 1061 1602 enim
1094 1539 1170 1602 anni
1207 1537 1353 1601 consules

58 1644 189 1706 diversi
208 1643 373 1708 Samnium
395 1649 607 1729 pervagantur
634 1643 791 1727 urbesque
818 1650 1013 1728 expugnant,
1037 1650 1106 1707 tum
1133 1645 1299 1728 utriusque
1323 1648 1354 1707 11

58 1750 97 1813 L
117 1751 243 1836 Papirii
266 1757 296 1816 et
311 1751 417 1835 Spurii
437 1751 565 1816 Carvilii
587 1771 638 1816 res
660 1754 694 1815 in
718 1750 847 1815 Samnio
868 1757 974 1835 gastae
990 1757 1202 1836 exponuntur,
1218 1752 1354 1836 denique

62 1860 190 1921 iterum
213 1858 252 1922 ab
275 1864 410 1942 utroque
432 1858 566 1923 urbibus
590 1861 778 1943 expugnatis
802 1857 935 1943 Spurius
959 1858 1113 1922 Carvilius
1136 1861 1171 1921 in
1194 1857 1355 1922 1111111111

64 1985 147 2029 cum
173 1964 341 2030 rebellasse
368 1965 519 2047 Etruscos
543 1987 561 2029 a
589 1967 681 2030 sociis
709 1967 839 2029 allatum
868 1972 960 2047 esset,
987 1965 1196 2050 proficiscitur
1223 1983 1355 2049 eamque

65 2073 204 2156 pacavit
220 2073 322 2156 Adde,
338 2073 424 2157 quod
440 2078 471 2136 11
485 2072 582 2136 verba
596 2075 666 2157 ipsa
683 2078 843 2136 auctorem
860 2093 955 2157 quem
966 2075 1033 2155 J'am
1044 2073 1192 2136 novimus
1202 2073 1352 2157 produnt:

161 2199 228 2264 cap.
254 2182 303 2244 38.
333 2181 351 2262 ξ
380 2182 414 2244 4:
450 2180 505 2243 »ad
533 2180 743 2264 qnadraginta
770 2182 858 2244 milia
886 2182 1038 2262 militum,
1066 2179 1151 2264 quod
1177 2177 1297 2242 roboris
1320 2180 1355 2241 in

72 2285 203 2350 Samnio
227 2293 306 2351 11111
328 2287 406 2351 conf.
431 2307 505 2351 cum
528 2307 592 2372 cap.
620 2289 670 2350 14.
696 2289 714 2369 ξ
740 2289 768 2351 9.
792 2290 892 2352 nostri
915 2287 995 2351 libri.

163 2412 227 2477 cap.
254 2396 304 2458 39.
329 2396 347 2478 ᾗ
373 2396 427 2458 14:
451 2395 573 2458 »datum
596 2396 656 2459 hoo
677 2396 784 2460 forsan
807 2396 929 2458 nomini
952 2395 1151 2478 familiaeque
1167 2413 1256 2458 suae«
1277 2393 1356 2456 conf.

80 2519 104 2563 c.
128 2502 177 2564 28.
202 2503 220 2584 ξ
247 2503 300 2570 13;
325 2503 434 2566 datum
457 2503 517 2567 boc
538 2509 646 2568 nostro
669 2506 777 2587 generi
800 2509 854 2568 est

165 2627 228 2692 cap.
254 2610 294 2671 41
320 2610 339 2691 ᾖ
365 2611 397 2672 7:
421 2614 467 2674 »11
489 2612 601 2675 consul
625 2611 792 2674 affirmavit
815 2629 951 2674 errorem
976 2610 1140 2674 clamitans
1155 2612 1238 2674 inter
1252 2611 1355 2693 prima

79 2715 175 2797 signa,
194 2717 239 2779 ita
257 2723 293 2779 ut
306 2735 371 2778 vox
387 2719 482 2780 etiam
498 2717 538 2781 ad
552 2718 651 2780 hostis
668 2717 828 2797 accideret,
852 2721 979 2801 captum
995 2715 1183 2796 Cominium,
1206 2717 1357 2779 victorem

76 2823 225 2908 collegam
248 2824 378 2907 adesse«,
401 2824 481 2888 conf.
505 2845 579 2888 cnm
602 2845 668 2909 cap.
695 2826 736 2886 14
760 2825 779 2906 ᾖ
805 2825 854 2887 18.
881 2825 930 2886 19.

165 2947 228 3014 cap.
253 2931 294 2992 41
321 2932 339 3012 ξ
365 2933 397 2994 9;
425 2931 622 3014 »panduntur
648 2931 731 2994 inter
758 2930 884 2994 ordines
907 2931 990 2994 viae«
1013 2931 1091 2993 conf.
1109 2949 1133 2993 c.
1156 2931 1258 3014 cap.5
1283 2931 1302 3011 ἓ
1327 2930 1356 2992 6.

165 3037 214 3100 Ac
236 3040 271 3100 ni
293 3058 334 3102 ex
357 3041 425 3122 ipso
449 3044 556 3102 nostro
579 3038 660 3102 libro
684 3041 830 3122 quisnam
855 3040 895 3102 sit
923 3043 1013 3101 autor
1035 3038 1150 3101 horum
1179 3037 1217 3100 de
1241 3037 1357 3121 quibus

75 3165 163 3208 nunc
185 3145 303 3209 dissero
332 3148 470 3230 capitum
497 3147 614 3230 legenti
641 3146 774 3231 probare
800 3147 931 3230 possim,
960 3147 1065 3210 nescio
1089 3165 1130 3208 an
1162 3145 1242 3208 libro
1274 3165 1358 3208 nono

78 3269 143 3336 quo
166 3251 240 3315 inde
263 3272 281 3314 a
304 3253 405 3336 capite
429 3253 479 3315 39.
504 3271 607 3335 usque
630 3253 669 3316 ad
694 3253 744 3320 40.
768 3272 818 3316 res
835 3249 902 3320 111.
923 3251 1046 3336 Papirio
1063 3250 1196 3315 Cursore
1215 3253 1249 3314 in
1265 3251 1359 3315 Etru-

76 3362 126 3422 ria
148 3364 177 3423 et
200 3358 329 3423 Samnio
352 3364 458 3444 gestae
486 3365 656 3424 narrantur
683 3361 804 3445 aliquid
831 3359 1001 3444 proficiam.
1047 3360 1153 3443 Atque
1176 3364 1216 3422 ut
1243 3378 1298 3443 per
1326 3377 1359 3422 se

77 3471 183 3552 ipsum
206 3487 270 3531 non
285 3469 457 3531 verisimile
479 3473 534 3551 est,
556 3469 592 3530 in
614 3468 709 3533 rebus
732 3474 797 3531 tam
820 3467 978 3531 similibus
1002 3467 1142 3530 diversos
1162 3467 1359 3532 consuluisse

78 3575 205 3639 Livium
228 3577 403 3661 scriptores,
426 3577 470 3640 ita
493 3581 524 3639 et
542 3578 769 3640 sententiarum
784 3574 1017 3658 verborumque
1032 3575 1206 3640 similitudo
1223 3575 1358 3638 eundem

81 3683 182 3768 prodit
207 3689 365 3748 auctorem
389 3703 413 3747 1.
433 3705 492 3768 gn:
516 3683 575 3746 IX.
601 3685 643 3746 40
661 3685 679 3766 ξ
697 3685 729 3746 5:
756 3685 871 3767 quippe
892 3683 948 3745 illa
970 3682 1119 3767 praedam
1134 3684 1240 3745 verius
1265 3701 1360 3765 quam

83 3813 166 3855 arma
189 3811 265 3873 esse,
288 3794 422 3857 nitentia
444 3797 516 3856 1111
538 3811 616 3873 rein,
638 3788 807 3876 deformia
831 3787 921 3852 111111
943 3787 1146 3873 sangumem
1164 3795 1194 3852 et
1209 3788 1359 3852 1111111.

170 3897 212 3960 X.
238 3900 280 3961 39
304 3900 323 3980 ξ
349 3899 444 3962 llet
469 3899 523 3961 12:
552 3900 653 3961 multa
676 3899 714 3960 de
741 3898 899 3981 praesenti
930 3896 1069 3959 hostium
1102 3900 1253 3980 apparatu
1275 3915 1359 3958 vana

85 4005 181 4088 magis
216 4007 318 4089 specie
346 4023 441 4088 quem
469 4003 587 4068 efficaci
616 4004 655 4066 ad
685 4009 833 4066 eventum
868 4003 1045 4066 dissentit.
1071 4053 1076 4065 .
1102 4052 1107 4064 .
1133 4052 1138 4064 .
1163 4006 1193 4064 11
1227 4001 1361 4064 candore

87 4114 262 4177 tunicarum
294 4113 467 4196 fulgentem
500 4113 613 4193 aciem,
645 4109 706 4173 aba·
735 4131 788 4173 111
806 4106 1293 4195 111111111111,1111111111’.
1318 4147 1360 4155 -

88 4221 220 4302 Accedit,
237 4220 322 4304 quod
336 4221 370 4283 in
386 4221 553 4303 utriusque
568 4238 693 4303 pugnae
709 4219 889 4282 narratione
903 4219 1119 4300 inveniuntur,
1136 4237 1217 4300 quae
1236 4223 1361 4282 nostrae

89 4328 254 4390 sententiae
276 4326 413 4389 faveant:
442 4323 542 4388 veluti
565 4329 731 4409 apparatus
753 4345 910 4388 armorum
939 4324 1114 4407 descriptio,
1136 4325 1361 4407 imperatorum

91 4435 314 4498 adhortationes
346 4451 386 4495 ne
423 4433 539 4496 milites
577 4433 675 4496 alium
712 4434 887 4495 exercitum
920 4432 970 4495 vel
1009 4433 1102 4494 aliam
1138 4433 1204 4514 ejus
1241 4435 1361 4514 partem

91 4544 231 4608 11111111
255 4547 430 4628 compotem
447 4559 515 4606 esse
530 4541 644 4624 sinant,
661 4542 805 4627 equitum
820 4541 955 4625 insignis
972 4558 1073 4622 opera,
1091 4558 1227 4622 quorum
1242 4540 1362 4622 impetu

1185 4660 1203 4716 4
