3216 5082
674 276 890 374 ..γ--

128 471 173 516 ea
198 473 246 535 re,
276 455 425 538 quoniam
452 455 587 518 similem
610 455 840 538 neglegentiam
863 455 914 518 rel
936 455 1146 538 ignorantiam
1170 454 1309 518 locorum
1333 456 1413 538 regi-

131 581 297 645 onumque
310 566 436 647 saepius
450 565 484 626 in
500 564 559 626 hoc
574 569 681 626 nostro
697 562 777 626 libro
789 565 998 644 inveniemus,
1015 563 1143 630 uberius
1156 583 1220 626 non
1233 563 1411 627 edisseram.

133 667 280 733 lfairoris
301 673 385 734 enim
408 673 560 734 momenti
581 676 657 736 sunt
673 691 754 754 quae
769 678 953 755 sequuntur.
993 669 1054 746 uui
1071 671 1265 755 paragrapho
1281 673 1413 755 septima

131 777 304 858 exponitur
331 777 422 841 dolus
444 775 651 841 Etruscorum
675 815 716 824 -
741 797 837 862 pecus
863 785 901 842 ut
922 777 1137 840 Romanorum
1161 779 1353 862 praesidinm
1376 780 1411 842 in

128 883 263 948 insidias
291 885 445 949 illicerent
471 885 686 970 propellebant
714 905 852 948 —eum
881 887 914 948 in
942 885 1034 948 bellis
1056 886 1202 968 gerendis
1226 905 1320 970 saepe
1343 905 1413 950 esse

129 989 309 1054 adhibitum
336 993 371 1054 in
399 993 564 1076 propatulo
596 998 657 1075 est,
685 993 739 1056 sed
768 992 807 1056 ob
831 1011 901 1055 eam
923 993 1024 1075 ipsam
1049 1011 1190 1072 oausam,
1215 992 1299 1075 quod
1321 992 1412 1056 facile

128 1096 215 1162 hanc
247 1117 313 1162 rem
349 1099 419 1162 aliis
454 1117 487 1162 se
518 1097 704 1182 probaturos
737 1101 903 1182 scriptores
936 1097 996 1160 sibi
1027 1116 1213 1182 persuasum
1245 1097 1410 1180 habebant,

111 1205 246 1290 *totiens
269 1225 343 1270 eum
367 1206 474 1270 dolum
497 1208 531 1269 in
555 1209 675 1291 pugnis
694 1226 730 1270 ac
745 1205 845 1288 bellis,
865 1206 903 1269 de
921 1205 1037 1288 quibus
1052 1206 1132 1268 nihil
1148 1207 1225 1268 oerti
1240 1204 1410 1288 constabat,

130 1309 226 1374 nubis
247 1313 462 1395 propununt1)
485 1332 588 1395 neque
603 1315 718 1394 minua,
742 1332 824 1396 quae
839 1313 878 1376 de
892 1312 1044 1394 Etruscis,
1068 1313 1123 1395 qui
1137 1312 1286 1395 pastorali
1300 1311 1411 1375 habitu

128 1415 193 1480 sub
225 1415 440 1481 Romanorum
473 1421 666 1482 munitiones
700 1420 957 1503 progrediuntur,
995 1425 1025 1482 et
1059 1418 1098 1481 de
1132 1417 1319 1499 Caeritibus,
1354 1419 1412 1501 qui

127 1523 338 1588 Etruscorum
361 1527 489 1609 linguae
511 1529 603 1610 periti
627 1527 667 1590 ad
688 1532 850 1610 pastorum
873 1545 1051 1589 sermonem
1075 1525 1178 1608 qualis
1202 1526 1243 1588 sit
1266 1527 1409 1588 animum

128 1632 290 1696 attendere
313 1632 466 1715 jubentur
488 1634 562 1696 inde
590 1654 608 1697 a
632 1636 649 1716 ξ
674 1640 784 1697 octava
809 1635 972 1717 leguntur,
999 1654 1057 1697 nos
1080 1634 1223 1716 relegant
1249 1633 1288 1695 ad
1315 1633 1408 1716 locos,

130 1738 242 1820 quales
265 1746 374 1803 entant
397 1740 480 1824 apud
502 1739 661 1821 Liviumft
685 1746 718 1804 at
739 1740 946 1804 Plutarchum
954 1739 985 1820 ³).

217 1847 298 1910 lbrm
320 1849 438 1932 proelio
461 1850 543 1912 inter
564 1849 756 1932 praesidium
774 1847 954 1912 Romanum
977 1853 1008 1912 et
1022 1847 1174 1912 Etruscos
1192 1852 1311 1929 exorto,
1335 1868 1407 1912 curn

129 1951 262 2016 llbrlvius
296 1955 416 2038 legatus
451 1954 594 2018 hostibus
627 1960 753 2039 propter
786 1957 976 2038 paucitatem
1010 1974 1140 2018 suorum
1175 1955 1231 2015 vix
1265 1955 1409 2016 resistere

128 2065 244 2141 posset,
268 2060 438 2125 dictatore
462 2063 572 2125 castris
597 2062 637 2124 ad
660 2063 817 2125 auxilium
840 2063 934 2146 legati
952 2060 1167 2145 proficiscitur.
1207 2059 1343 2144 Magnus
1361 2065 1410 2124 est

126 2183 280 2228 numerus
296 2166 445 2250 locorum,
463 2167 578 2251 quibus
595 2169 739 2231 similiter
756 2169 872 2232 milites
892 2169 1061 2252 eupiditate
1077 2167 1220 2230 ardentes
1233 2172 1263 2229 et
1274 2168 1407 2250 impera-

127 2274 211 2333 tores
234 2271 325 2334 illum
349 2272 492 2336 ardorem
515 2284 692 2337 coercentes
714 2274 968 2337 introducuntur.

233 2376 274 2442 Π.
299 2380 350 2442 45.
376 2381 408 2442 6:
432 2381 612 2464 frequentes
629 2382 665 2442 in
679 2381 871 2464 praetorium
886 2381 1087 2460 conveniunt,
1109 2385 1244 2462 poscunt
1257 2399 1407 2464 pugnam,

296 2485 456 2568 postulant
471 2491 507 2549 ut
523 2487 650 2570 signum
668 2487 759 2551 detur
775 2523 817 2532 -·-
831 2523 873 2532 —-
890 2486 945 2549 sed
963 2492 1046 2549 retro
1061 2485 1205 2548 vocanda
1219 2491 1249 2547 et
1265 2484 1407 2549 abdenda

297 2591 451 2675 cupiditas
475 2599 548 2656 erat.

211 2695 267 2762 ΠΙ,
293 2699 343 2762 27.
370 2700 403 2762 l:
428 2701 577 2766 adderent
598 2701 741 2784 gradum,
764 2705 921 2764 maturato
937 2720 1016 2784 opus
1032 2719 1100 2764 esse
1119 2737 1157 2748 -—
1175 2702 1193 2782 ξ
1211 2701 1244 2763 8:
1269 2701 1409 2764 accelera

297 2806 467 2889 signifera,
490 2826 622 2890 sequere
644 2808 748 2889 mileS,
771 2809 854 2871 inter
877 2826 911 2870 se
934 2826 1061 2890 quoque
1085 2843 1127 2854 —-
1152 2844 1194 2852 -
1219 2805 1405 2870 clamabant.

216 2913 274 2978 IX.
300 2916 348 2979 13.
374 2916 407 2978 2;
432 2917 553 2980 vadunt
574 2918 671 3000 igitur
692 2917 727 2978 in
750 2916 905 2999 proelium
927 2921 1076 2998 urgentes
1099 2915 1270 2998 signiferos

149 3017 272 3084 XXVI
299 3022 325 3084 9.
352 3023 384 3084 5:
409 3023 591 3106 alacresque
617 3023 734 3086 milites
762 3023 843 3086 alius
872 3023 969 3086 alium
997 3027 1033 3085 ut
1056 3021 1183 3085 adderet
1204 3021 1338 3104 gradum
1362 3057 1404 3066 ·-

296 3167 338 3176 -
363 3167 405 3176 -
432 3129 678 3211 hortabantur5).

123 3231 286 3300 XXXIX.
312 3238 366 3300 31:
395 3239 502 3320 itaque
523 3256 639 3321 urgere
659 3237 824 3321 signiferos
847 3256 905 3320 pro
928 3255 962 3298 se
985 3237 1132 3320 quisque,
1156 3233 1267 3317 jubere
1289 3234 1404 3297 inferre

295 3343 385 3426 signa
408 3350 438 3407 et
460 3343 626 3410 confestim
646 3344 780 3408 militem
803 3343 901 3426 sequi.

179 3448 263 3514 XLI.
289 3452 345 3515 26:
369 3457 517 3538 urgentes
541 3451 653 3515 deinde
677 3452 731 3514 alii
754 3451 831 3516 ahos
855 3470 922 3536 sqq.
931 3448 954 3530 6)

217 3714 238 3788 ¹)
257 3715 347 3773 conf:
366 3717 400 3774 11.
412 3718 453 3772 11.
472 3717 559 3773 11.51.
578 3715 660 3772 mn.
679 3715 725 3770 IX.
741 3715 782 3770 31.

216 3824 239 3894 ²)
257 3825 302 3879 IX.
313 3825 347 3880 36
366 3827 383 3895 5
401 3826 419 3881 3
437 3842 559 3896 quocum
576 3825 639 3880 loco
658 3824 731 3880 conf.
750 3823 863 3891 Dionys.
882 3821 914 3876 V.
925 3821 969 3875 28.

215 3931 237 4002 ³)
255 3931 331 3990 Plut.
349 3932 484 4003 Poplicol.
504 3949 565 4004 cap.
584 3932 623 3986 17.

214 4038 236 4109 ⁴)
256 4037 325 4093 Cum
342 4039 386 4094 his
404 4039 494 4095 verbis
513 4039 607 4094 confer
624 4039 695 4092 haec
715 4036 817 4107 eapitis
836 4034 941 4106 quinti:
965 4035 1172 4103 hortanturque
1190 4034 1349 4104 signiferos,
1368 4037 1401 4088 ut

129 4125 202 4180 ocius
221 4130 294 4182 eant.

215 4236 238 4307 e),
256 4237 332 4292 Gonf.
352 4255 437 4309 supra
454 4256 481 4308 p.
498 4239 514 4292 6
533 4254 557 4291 a.
579 4236 603 4290 3.

215 4344 383 4415 ⁰)Ungerua
404 4346 479 4398 hunc
498 4347 527 4398 et
546 4344 759 4398 antecedentem
776 4341 870 4397 locum
888 4338 998 4394 Antiati
1018 4337 1126 4392 tribuit.
1159 4336 1236 4392 Conf.
1255 4337 1329 4390 illius
1346 4336 1400 4391 riri

125 4434 402 4490 commentationem:
428 4433 494 4500 „Die
513 4439 580 4487 rom.
601 4431 719 4500 Quellen
737 4433 784 4486 dee
803 4431 896 4485 Livius
914 4431 944 4483 in
962 4430 1011 4483 der
1029 4429 1054 4482 4.
1074 4446 1100 4482 u.
1119 4425 1245 4481 Decade“
1265 4427 1295 4483 in
1313 4427 1399 4482 tertio

125 4525 177 4580 rol.
197 4526 287 4596 suppl.
306 4524 445 4598 philologi
463 4543 490 4598 p.
509 4523 566 4578 142.
589 4523 647 4579 180.
