3216 5082
645 283 865 347 ,17-

114 461 254 526 breviter
276 468 400 526 tantmn
415 463 525 527 Livius
548 465 740 547 perstringit,
763 464 843 526 nihil
867 463 906 526 de
920 462 1003 525 Livii
1018 463 1103 527 fonte
1120 464 1288 545 lucremur,
1311 484 1396 527 nona

115 571 311 652 paragrapho
344 589 407 654 cap.
433 569 483 632 XI
516 590 593 634 ansa
623 569 716 633 nobis
740 570 915 654 ‚praebetur
947 571 1051 634 denuo
1083 571 1241 634 statuendi
1268 570 1395 634 Livium

119 696 200 760 qnae
231 679 269 740 de
301 680 393 741 annis
416 680 489 742 455.
514 679 578 742 456
606 699 636 741 11.
661 697 685 740 c.
719 680 890 741 memoriae
921 665 1077 760 mandat,
1096 699 1136 742 ex
1169 679 1278 742 eodem
1312 699 1396 741 sum-

116 786 218 867 psisse
239 785 333 867 fonte,
358 804 454 869 quem
475 787 509 848 in
532 786 713 848 narratione
734 790 885 868 perpetua
902 773 1089 868 primarium
1104 783 1246 848 habebat.
1285 783 1397 867 Neque

116 893 204 954 enim
227 892 255 956 si
278 891 400 954 abhoc
424 897 550 954 auctore
574 897 767 975 quantopere
791 889 1017 966 1111111111
1040 893 1169 954 caritate
1192 910 1336 954 annonae
1359 892 1397 955 de

115 999 245 1063 civitate
267 1001 398 1062 meritus
423 1004 515 1080 esset,
544 1000 722 1083 expositum
746 1004 841 1080 esset,
869 998 978 1061 verba:
1018 1003 1070 1061 »111
1092 999 1257 1081 scripsere,
1282 996 1397 1080 quibus

117 1106 253 1170 aedilem
275 1107 373 1170 fuisse
396 1125 432 1168 eo
456 1103 545 1169 anno
560 1105 692 1169 Fabium
715 1090 893 1168 Maximum
915 1091 1040 1190 placet«,
1065 1106 1260 1188 apposuisset
1278 1103 1397 1186 livius,

119 1215 237 1303 quippe
265 1215 320 1296 qui
348 1219 403 1277 aut
430 1217 466 1277 ut
493 1215 569 1276 novi
597 1203 719 1296 aliquid
732 1251 733 1256 κ
747 1213 861 1294 addat,³
881 1219 935 1276 aut
962 1218 998 1276 ut
1022 1251 1063 1258 —
1089 1213 1173 1296 quod
1195 1214 1230 1274 in
1253 1217 1398 1275 nostrum

119 1323 224 1384 locum
255 1312 320 1384 non
353 1313 501 1384 convenit
528 1362 571 1371 -
600 1322 647 1384 rei
680 1308 844 1404 suspectae
875 1325 986 1384 testem
1014 1321 1134 1402 afferat,
1165 1322 1296 1383 nomina
1323 1322 1399 1383 scri—

119 1432 246 1510 ptorum
269 1428 387 1492 laudet

208 1551 328 1614 Notum
356 1558 403 1615 est
426 1573 445 1615 a
468 1550 673 1636 scriptoribus
696 1551 848 1615 Romanis
872 1571 983 1616 causas
1007 1552 1162 1616 bellorum
1184 1571 1333 1637 persaepe
1355 1553 1400 1614 ita

118 1658 263 1740 describi,
288 1661 378 1742 quasi
402 1659 537 1722 Romani
561 1681 579 1722 a
603 1661 695 1723 sociis
718 1658 877 1742 implorati
899 1667 965 1722 rem
990 1678 1098 1722 eorum
1121 1661 1281 1743 gesserint.
1327 1659 1400 1723 Non

108 1772 166 1830 -est
182 1769 445 1851 operaepretium
460 1768 585 1851 singula
600 1767 712 1830 afferre
727 1755 924 1850 1111111114-
935 1787 1011 1829 nam
1026 1768 1061 1829 in
1076 1766 1241 1851 propatulo
1258 1771 1332 1830 sunt
1348 1803 1400 1848 -—,

117 1874 177 1936 sed
198 1874 277 1936 illud
300 1875 396 1937 velim
420 1875 619 1955 considerari,
644 1880 836 1958 quantopere
850 1875 933 1936 inter
948 1893 982 1937 se
998 1875 1178 1957 conspirent
1193 1873 1275 1936 Livii
1291 1875 1400 1957 capita,

122 1979 239 2063 quibus
262 2000 375 2044 causae
397 1983 494 2045 trium
517 1981 770 2065 bellorum‘quae
785 1979 920 2067 Romani
938 2000 1011 2044 cum
1028 1979 1222 2043 Samnitibus
1236 1986 1402 2064 gesserunt

121 2093 152 2151 et
180 2107 229 2152 res
257 2095 329 2152 ante
357 2088 476 2153 bellum
503 2090 660 2152 indictum
683 2094 770 2170 actae
793 2081 1001 2160 coritinentur.
1048 2089 1097 2151 Ac
1119 2090 1258 2172 primum
1281 2088 1401 2152 bellum

119 2194 330 2259 Samniticum
346 2201 509 2280 propterea
525 2201 629 2259 ortum
645 2202 700 2279 est,
717 2185 802 2280 'quod
817 2171 915 2279 legati
929 2198 1031 2279 quint
1043 2195 1198 2259 Samnites
1211 2194 1402 2258 abstinerent

120 2323 197 2386 agro
226 2302 458 2387 Campanorum
485 2295 706 2366 dediticiorum
733 2291 851 2386 populi
869 2289 1005 2378 Romani
1032 2302 1281 2387 postulaverant,
1313 2302 1403 2364 ferox

120 2409 311 2473 rettulerunt
342 2429 529 2494 responsum
539 2411 560 2494 ¹)
590 2416 620 2474 et
649 2411 733 2494 quod
761 2416 830 2473 tum
853 2389 1011 2494 stantibus
1033 2411 1098 2473 illis
1121 2410 1232 2493 legatis
1255 2407 1403 2492 praefecti

125 2516 299 2580 cohortium
331 2519 366 2580 in
401 2538 511 2604 agrum
547 2512 742 2602 Campanum
775 2503 931 2602 profi‘cisci
966 2519 1045 2581 iussi
1080 2521 1182 2596 erant,
1220 2515 1335 2599 quibus
1365 2514 1403 2576 de

125 2624 232 2687 causis
258 2623 415 2688 fetialibus
444 2625 550 2688 missis
574 2625 708 2688 solemni
730 2601 961 2690 nordbertum
983 2621 1176 2703 indicitur2).
1222 2621 1402 2684 Secundum

123 2734 231 2792 autem
258 2729 377 2792 bellum
406 2731 562 2793 exarsisse
585 2731 712 2811 dicitur,
742 2710 825 2820 quod
849 2730 934 2793 haud
958 2728 1104 2812 ambigue
1127 2729 1248 2791 vicinos
1271 2727 1403 2812 populos

121 2837 281 2902 Samnites
309 2839 477 2901 sollicitare
498 2837 618 2901 Romae
646 2823 841 2922 compertum
870 2843 949 2919 erat,
978 2857 1041 2921 qua
1064 2856 1098 2900 re
1121 2837 1246 2919 cognita
1267 2834 1404 2898 Romani

120 2945 242 3028 legatos
264 2944 419 3007 miserunt
443 2944 558 3027 quibus
582 2949 613 3007 et
634 2946 711 3028 ipsis
735 2923 808 3026 cum
830 2944 974 3007 ferociter
996 2962 1183 3026 responsum
1199 2947 1288 3023 esset,
1312 2942 1403 3004 novis

123 3051 309 3114 consulibus
332 3049 475 3134 creatis3)
498 3050 617 3114 fetiales
640 3035 874 3140 missi'bellum
900 3050 1094 3113 indixerrmt.
1140 3049 1275 3114 Prorsus
1299 3055 1405 3112 autem

125 3157 243 3221 similes
268 3163 343 3222 sunt
370 3162 477 3221 nostro
501 3157 581 3220 libro
605 3177 727 3241 causae,
750 3165 876 3243 propter
900 3177 979 3242 quas
1002 3158 1131 3220 tertium
1155 3162 1336 3240 susceptum
1359 3161 1406 3219 est

125 3265 245 3328 bellum
269 3265 490 3347 Samniticum,
513 3267 568 3330 sed
589 3266 647 3349 ita,
671 3271 707 3330 ut
729 3267 781 3328 hic
804 3265 914 3328 ambae
937 3284 1051 3328 causae
1074 3270 1104 3328 et
1125 3266 1224 3327 vicini
1246 3264 1405 3327 sollicitati

124 3377 156 3436 et
185 3374 262 3436 socii
286 3375 382 3436 annis
404 3373 543 3436 lacessiti
565 3357 751 3456 conjunctae
778 3373 962 3455 afferantur,
991 3392 1184 3456 quamquam
1207 3373 1308 3454 primo
1332 3389 1405 3433 ocu-

122 3482 231 3543 lorum
254 3480 366 3544 obtutu
389 3481 544 3544 auxilium
568 3502 587 3543 a
608 3467 745 3544 Lucanis
767 3482 900 3564 petitum
921 3500 1016 3544 causa
1035 3480 1111 3543 belli
1130 3479 1290 3542 indicendi
1307 3480 1405 3542 irrisae

219 3835 239 3905 1)
258 3833 407 3904 Dionysius
422 3835 590 3904 scriptorum
605 3833 750 3888 annalium
764 3835 953 3890 Romanorum
967 3835 1063 3888 verba:
1080 3834 1223 3902 ,ferociter
1237 3838 1280 3888 est
1293 3851 1405 3903 respon·

127 3929 203 3977 sum“
216 3924 272 3977 vel:
294 3924 386 3988 ,ferox
401 3923 525 3978 redditur
539 3929 716 3993 responsum“
729 3924 825 3978 vertit:
846 3921 975 3980 αὐθάδεις
993 3922 1139 3995 λαμβάνειν
1158 3923 1309 3994 ἀποκρίσεις
1328 3941 1350 3977 e.
1363 3941 1403 3992 gr.

126 4013 159 4066 V.
175 4012 217 4066 37.
233 4046 267 4054 —
283 4013 392 4082 Operae
411 4012 448 4067 sit
466 4001 596 4082 pretium,
616 4031 685 4081 quas
704 4013 860 4067 locutiones
874 4015 909 4067 ad
923 4012 1038 4068 verbum
1053 4030 1194 4082 expressas
1208 4029 1241 4066 ex
1257 4012 1405 4065 annalibus

125 4101 260 4156 Romanis
279 4101 434 4173 desumpsit
452 4101 608 4171 Dionysius,
628 4119 674 4155 eas
693 4106 823 4157 accurate
842 4103 975 4173 digerere.

218 4226 240 4296 2)
258 4226 316 4281 VH.
332 4227 374 4281 31.
394 4228 410 4295 5
429 4227 525 4281 8-12.
552 4226 683 4282 Vnica
703 4227 791 4282 2-10
809 4231 838 4281 et
857 4229 891 4282 25
911 4228 927 4296 5
946 4228 970 4280 2.
1001 4227 1033 4280 X.
1051 4227 1082 4279 11
1102 4228 1118 4295 5
1138 4228 1162 4280 7.
1190 4225 1222 4280 X.
1239 4227 1270 4279 11
1292 4228 1307 4295 5
1328 4226 1406 4280 11-

125 4316 160 4370 Χ.
179 4316 210 4368 12
229 4318 245 4385 5
264 4317 288 4370 2.
315 4348 349 4355 -
373 4315 501 4370 Ceterum
519 4315 760 4370 Weissenbornins
778 4321 854 4371 recte
873 4318 908 4370 ad
926 4316 998 4370 Vlll.
1013 4315 1055 4392 23.
1077 4316 1109 4370 10
1128 4315 1169 4368 ed.
1189 4315 1269 4368 mai*
1288 4316 1406 4369 adnotat

125 4405 209 4458 illum
227 4405 321 4460 locum
338 4405 440 4459 lacuna
457 4404 544 4459 hiare.

221 4529 468 4600 1111111111,
508 4571 510 4575 ,
