3216 5082
683 317 723 324 .-
773 279 826 348 n.

243 458 432 541 Priusquam
458 465 560 522 autem
586 459 626 520 ad
649 458 855 520 enarrandam
879 459 1072 541 rogationem
1093 456 1302 540 Ogulniorum
1326 461 1431 518 noster

151 561 304 644 transeat,
330 565 445 627 iterum
481 583 562 648 quae
589 565 642 627 alii
670 569 812 627 auctores
841 564 879 626 de
902 563 1029 627 Valerio
1057 562 1186 626 conside
1204 563 1298 626 aliter
1324 581 1432 624 narra·

152 671 268 751 verint,
307 670 447 734 adnotet:
485 690 553 733 non
589 675 746 753 petentem
781 671 866 734 enim
901 675 995 752 atque
1029 669 1105 732 adeo
1140 669 1235 732 etiam
1268 667 1431 730 absentem

151 783 291 841 meatum
324 777 481 841 tradidere
513 778 643 861 quidam
674 783 706 840 et
732 797 788 861 per
814 779 1002 860 interregem
1026 796 1062 840 ea
1084 777 1212 840 comitia
1231 775 1322 840 facta.
1370 774 1431 838 Sed

151 883 191 946 de
217 884 277 946 bac
303 883 440 947 fontium
464 884 671 967 discrepantia
698 903 784 946 nunc
812 884 972 968 disputare
994 903 1059 946 non
1081 901 1264 966 possumus,
1295 883 1330 944 ni
1351 882 1431 945 forte

147 991 242 1055 nobis
257 993 343 1054 viam
359 993 502 1055 concisae
518 992 799 1076 argumentationis
815 991 978 1054 obstruere
993 991 1150 1073 volumus,
1166 989 1221 1053 sed
1237 990 1312 1053 satis
1331 988 1430 1052 habeo

149 1101 238 1162 hunc
260 1102 364 1163 locum
389 1105 505 1181 notare,
529 1106 564 1163 ut
586 1100 669 1162 infra
691 1101 829 1183 legentes
853 1099 915 1162 huc
938 1100 1096 1162 remittere
1118 1099 1246 1182 possim.

241 1207 388 1271 Vidimus
403 1209 500 1292 igitur
511 1206 638 1272 Livium
653 1206 754 1275 tribus
769 1207 861 1270 locis:
879 1226 944 1291 cap.
956 1205 1013 1270 ΠΙ.
1030 1208 1059 1269 4.
1076 1205 1180 1290 eapV.
1200 1207 1249 1269 13.
1266 1205 1370 1289 capV.
1389 1205 1431 1268 14

150 1317 287 1380 fontium
314 1318 510 1381 diversitates
543 1317 709 1380 adnotasse
740 1323 835 1399 atque
866 1316 899 1379 id
927 1316 995 1398 jam
1027 1334 1114 1378 nunc
1142 1314 1330 1378 contendere
1359 1333 1431 1398 pos-

150 1443 272 1505 sumus,
305 1425 535 1505 emanueles,
568 1426 603 1486 in
633 1423 749 1507 quibus
781 1423 862 1485 nihil
891 1422 930 1485 de
962 1441 1077 1505 magua
1103 1420 1310 1484 Etruscorum
1342 1420 1430 1484 clade

149 1531 300 1594 nuditum
327 1537 405 1611 erat,
434 1532 577 1594 omnium
604 1550 684 1613 quos
712 1529 850 1614 inspexit
878 1529 1011 1612 optimos
1038 1527 1150 1609 fuisse,
1177 1527 1296 1590 fontem
1324 1531 1430 1590 autern

146 1639 335 1720 primarium
367 1642 403 1700 ut
434 1637 587 1702 rhetorice
620 1641 807 1700 exornatum
839 1634 926 1698 haud
957 1653 1075 1716 magna
1101 1633 1164 1697 fide
1192 1634 1325 1718 dignum
1353 1652 1428 1698 esse.

146 1743 197 1808 De
219 1747 311 1808 tertio
334 1745 420 1808 foute
443 1764 536 1828 quem
561 1745 717 1824 detexisse
739 1745 819 1807 mihi
840 1744 950 1808 videor
972 1744 1055 1808 infra
1077 1743 1207 1807 uberius
1231 1762 1330 1826 agam

239 1849 450 1934 Sequentibus
483 1851 637 1935 capitibus
670 1851 769 1932 (6-9
798 1852 816 1932 ἓ
842 1853 872 1933 35
906 1853 944 1916 de
975 1854 1137 1938 rogatione
1169 1870 1265 1934 quam
1290 1849 1430 1933 promul-

148 1963 264 2041 gerunt
287 1956 322 2033 Q.
356 1964 386 2021 et
409 1956 463 2020 Gn.
487 1956 618 2042 Ogulnii
650 1963 686 2022 ut
719 1977 792 2022 cum
821 1963 969 2042 quattuor
999 1977 1148 2044 augures,
1182 1961 1331 2041 quattuor
1352 1976 1430 2041 pon-

147 2065 246 2130 tifices
270 2085 306 2129 ea
329 2071 512 2149 tempestate
536 2071 653 2146 essent,
681 2067 881 2151 placeretque
904 2069 1013 2152 augeri
1036 2067 1235 2131 sacerdotum
1259 2083 1429 2129 numerum

148 2179 298 2256 quattuor
319 2172 482 2258 pontifices
504 2174 645 2257 quinque
669 2193 805 2257 augures
828 2175 867 2238 de
888 2175 980 2259 plebe
1003 2195 1112 2240 omnes
1136 2175 1367 2258 adlegerentur,
1391 2173 1430 2238 de

147 2279 373 2344 certaminibus
394 2298 475 2363 quae
491 2278 530 2342 ob
547 2299 617 2342 eam
631 2281 714 2343 inter
729 2281 877 2363 patricios
894 2287 925 2344 et
939 2281 1078 2366 plebeios
1094 2285 1293 2362 exarserunt,
1317 2281 1428 2364 agitur.

147 2385 222 2449 Non
238 2405 311 2450 sum
326 2387 451 2449 nescius
466 2385 545 2448 mihi
559 2385 636 2448 baec
652 2387 754 2469 capita
771 2391 941 2451 cacano
958 2388 1136 2472 complures
1152 2387 1256 2450 offerri
1272 2389 1430 2470 quaestio-

151 2512 221 2574 nes,
245 2493 284 2557 de
306 2493 420 2577 quibus
440 2495 506 2576 jam
528 2494 622 2556 multi
644 2495 707 2557 viri
730 2494 902 2559 doctissimi
913 2495 934 2577 1)
955 2501 1087 2580 egerunt
1106 2514 1210 2579 neque
1230 2496 1265 2558 iu
1285 2495 1430 2559 animum

149 2601 265 2664 induxi
294 2603 330 2664 de
356 2603 425 2684 lege
454 2600 592 2686 Ogulnia
618 2603 700 2686 ipsa,
734 2603 836 2685 qualis
859 2603 966 2684 fuerit,
994 2623 1051 2666 cur
1073 2607 1182 2687 rogata
1204 2603 1257 2684 sit,
1285 2603 1362 2685 quid
1388 2622 1429 2666 ex

147 2709 267 2794 perlata
289 2717 492 2774 consecutum
516 2711 557 2774 sit
578 2712 704 2794 longius
729 2710 888 2794 disputare
911 2730 1016 2794 neque
1043 2729 1212 2794 recoquere
1239 2712 1320 2791 volo,
1348 2730 1429 2794 quae

146 2819 209 2880 vin'
232 2818 315 2881 docti
339 2817 559 2881 dissentientes
583 2818 621 2880 de
646 2837 804 2902 augurum
827 2823 858 2880 et
880 2819 1043 2903 potificum
1071 2819 1275 2903 collegiorum
1296 2837 1429 2882 numam

145 2928 181 2988 in
209 2925 402 3009 compendiis
435 2931 466 2989 et
497 2924 813 2989 commentationibus
840 2927 1046 3009 protulerunt.
1108 2925 1168 2990 Sed
1196 2945 1237 2989 ne
1264 2927 1429 3009 imperitus

148 3050 229 3114 quae
251 3031 301 3094 bis
320 3031 473 3114 capitibus
489 3033 589 3094 insint
605 3031 813 3113 difficultates
837 3032 954 3113 videar,
975 3034 1076 3116 magis
1092 3052 1208 3116 ponam
1225 3053 1320 3116 quam
1335 3033 1429 3117 plena

148 3145 180 3202 et
209 3139 345 3223 perfecta
377 3141 646 3223 argumentatione
678 3138 899 3204 demonstrabo
938 3159 1003 3204 non
1044 3145 1127 3204 recte
1163 3141 1242 3204 mihi
1270 3141 1429 3224 judicasse

149 3246 248 3309 videri
284 3245 569 3331 Marquardtium2)
614 3246 720 3308 virum
762 3247 992 3328 doctissimum,
1030 3247 1086 3331 qui
1122 3266 1227 3310 errore
1262 3247 1429 3311 inductum

147 3351 273 3416 Livium
305 3372 475 3416 numerum
506 3356 572 3414 octo
595 3351 780 3436 pontificum
813 3353 955 3416 atbilisse
987 3353 1160 3432 contendit
1193 3353 1226 3416 id
1259 3353 1343 3436 quod
1374 3354 1428 3418 ille

145 3462 198 3523 vir
221 3460 331 3524 doctus
355 3461 543 3525 concludere
565 3479 657 3543 posse
680 3460 741 3523 sibi
762 3462 851 3524 visus
875 3466 922 3524 est
938 3480 979 3524 ex
995 3462 1257 3524 commentatione
1273 3461 1427 3542 Bardtii3)

144 3589 186 3631 ex
212 3589 275 3651 qua
298 3571 381 3631 inter
403 3588 503 3632 annos
528 3568 591 3631 536
611 3573 642 3630 et
663 3568 725 3630 587
750 3588 781 3632 u.
801 3587 825 3630 c.
850 3587 964 3632 novem
986 3567 1083 3632 fuisse
1105 3567 1269 3653 pontifices
1293 3574 1426 3653 apparet

145 3675 208 3739 Sed
231 3674 314 3738 Livii
347 3681 455 3738 auctor
486 3680 551 3737 tam
584 3679 728 3738 accurate
761 3675 798 3738 de
825 3673 875 3738 his
902 3674 997 3738 rebus
1023 3676 1198 3737 instructus
1226 3673 1353 3737 videtur
1385 3713 1423 3720 —-

146 3782 288 3845 conferas
314 3783 408 3844 velim
429 3783 468 3863 ἐξ
491 3783 576 3844 1-3
600 3801 665 3866 cap.
688 3780 737 3843 IX
760 3819 801 3826 —
822 3787 859 3844 ut
879 3783 983 3865 potius
999 3779 1229 3862 Mommseno4)
1254 3782 1428 3866 adstipuler

148 3892 203 3974 qui
238 3892 321 3953 inter
353 3910 453 3954 annos
482 3891 546 3952 454
571 3895 601 3950 et
623 3889 685 3952 536
714 3910 745 3952 u.
771 3909 794 3952 c.
826 3881 935 3952 unum¹
956 3889 1137 3974 pontificem
1170 3891 1327 3954 adiectum
1359 3893 1427 3954 veri
1507 3873 1509 3879 ⁵

240 4102 258 4167 ¹)
278 4103 385 4156 Confer.
405 4101 555 4170 praecipue
574 4099 718 4154 Nicbnbrii
732 4101 796 4154 hist.
812 4101 890 4154 Rom.
905 4099 959 4154 111³
971 4119 998 4170 p.
1015 4101 1163 4156 409-'413.
1193 4100 1293 4171 Langii
1311 4100 1425 4156 librum:

147 4190 224 4246 Rom.
244 4191 416 4245 Altertiirner
435 4191 461 4243 l3
480 4191 539 4254 335,
560 4191 619 4244 371.

236 4281 259 4348 2)
278 4279 425 4332 Rbrnische
445 4279 722 4346 Staatsverwaltung.
743 4277 855 4347 Leipzig
872 4278 947 4331 1876.
968 4279 1013 4330 lll.
1033 4295 1060 4346 p.
1080 4278 1139 4331 233.
1160 4310 1193 4316 -
1212 4277 1253 4331 De
1272 4277 1425 4347 auguribus

146 4370 220 4424 idem
241 4369 302 4436 ugit
320 4370 337 4422 l.
357 4371 374 4424 l.
393 4389 421 4439 p.
441 4369 500 4423 383.
551 4437 554 4444 Ι

237 4460 257 4527 ³)
277 4459 328 4511 Die
347 4458 467 4512 l‘riester
484 4459 533 4512 der
552 4458 610 4512 viar
628 4474 741 4525 grossen
760 4457 910 4527 Collegicn.
949 4455 1040 4510 Berlin
1063 4455 1138 4510 1871.

237 4549 259 4615 ⁴)
279 4546 454 4600 Staatsrecht
472 4547 510 4600 ΙΙ2
529 4566 556 4616 p.
576 4546 608 4598 21
632 4562 656 4598 a.
679 4546 701 4598 l.
