3134 5082
715 201 935 267 ..44..

188 382 325 447 hostium
355 383 452 446 fuisse
481 383 596 446 diceret
619 384 769 448 Etruscos
793 384 1007 466 Umbrosque,
1036 383 1091 446 sed
1115 401 1179 445 non
1203 382 1234 444 in
1259 382 1328 465 ipsa
1350 401 1467 465 pugna

187 489 284 553 Hunc
311 491 409 573 igitur
436 496 595 554 auctorem
624 493 679 576 qui
702 490 913 554 Volumnium
940 492 974 552 in
1003 488 1130 553 Samnio
1158 487 1277 552 bellum
1304 495 1470 572 gerentem

187 597 332 679 faciebat,
362 618 434 661 cum
457 598 566 662 Livius
595 604 793 682 sequeretur,
821 600 975 683 praehum
1005 598 1044 661 ad
1071 597 1232 660 Tifernum
1261 599 1470 660 commissum

188 706 217 766 11
256 706 450 768 narrandum
488 711 567 787 erat,
611 706 696 789 quod
737 725 777 769 ex
813 706 874 769 1111
912 725 994 768 1111
1033 706 1199 787 scriptores
1234 703 1392 767 Romanos
1434 705 1469 766 11

189 813 288 876 alium
320 833 382 896 quo
414 813 526 884 iidem.
545 814 690 877 consules
723 815 819 878 creati
851 819 952 895 erant,
984 813 1184 876 transtulisse
1212 832 1308 896 supra
1334 811 1472 897 probare

189 919 305 983 studui.
330 957 371 965 —

278 1026 365 1102 Quae
402 1029 436 1090 11
475 1027 679 1111 sequentibus
718 1029 920 1112 paragraphis
945 1027 1061 1090 8-10
1102 1027 1140 1089 de
1177 1025 1266 1089 Fabii
1305 1027 1471 1110 triumpho

188 1141 404 1218 exponuntur,
436 1137 468 1196 in
502 1137 542 1198 iis
575 1135 778 1198 difficultates
805 1136 928 1216 insunt,
961 1154 1042 1218 quae
1069 1152 1134 1196 non
1161 1135 1224 1196 nisi
1252 1153 1356 1197 errore
1382 1131 1472 1196 Livii

189 1248 275 1304 ortae
303 1262 372 1306 esse
399 1249 539 1327 possunt.
586 1241 671 1305 Dicit
694 1244 778 1305 euim
801 1242 935 1306 Fabium
959 1245 1098 1306 exercitu
1121 1241 1259 1305 Deciano
1282 1244 1316 1305 in
1339 1241 1474 1306 Etruria

187 1350 303 1431 relicto,
338 1350 376 1413 de
412 1349 510 1412 Gallis
544 1349 750 1432 Etruscisque
785 1355 815 1412 et
850 1349 1044 1414 Samnitibus
1078 1351 1289 1434 triumphasse
1298 1349 1319 1428 1)
1356 1369 1473 1432 quam-

188 1475 285 1538 quam
312 1457 457 1538 sequenti
481 1455 608 1519 demum
632 1458 732 1540 capite
756 1456 794 1519 de
817 1455 906 1519 Eabii
928 1458 1060 1519 victoria
1083 1456 1121 1518 ab
1145 1455 1286 1520 Etruscis
1309 1463 1474 1540 reportata

188 1563 308 1646 aliquid
337 1565 556 1647 comperimus.
608 1565 740 1628 Accedit
769 1566 853 1647 quod
882 1583 955 1628 curn
982 1566 1177 1648 paragrapho
1207 1570 1317 1628 octava
1340 1583 1402 1647 cap.
1427 1565 1472 1626 30

190 1673 346 1734 exercitus
378 1671 537 1736 Decianus
569 1674 603 1736 in
635 1673 763 1736 Etruria
795 1673 923 1735 rehctus
956 1691 1025 1736 esse
1057 1673 1191 1753 dicatur,
1225 1675 1325 1755 capite
1348 1671 1475 1736 XXXI

116 1765 118 1770 ¹
187 1780 310 1862 Appius
344 1777 493 1842 Claudius
526 1786 650 1864 praetor
682 1799 756 1843 oum
788 1781 929 1843 exercitu
955 1778 1094 1843 Deciano
1128 1780 1279 1843 adversus
1308 1779 1473 1843 Samnites

187 1887 330 1949 mittitur.
383 1885 451 1950 Has
480 1887 682 1951 difficultates
709 1888 768 1950 hac
795 1889 916 1951 ratione
943 1888 1024 1950 solvi
1051 1906 1142 1971 posse
1170 1886 1315 1950 arbitror:
1353 1885 1473 1950 Livius

187 2013 260 2055 oum
293 1993 489 2058 diversorum
523 2001 686 2058 auctorum
719 2000 894 2058 recenseret
925 1994 1105 2075 1111111111,
1137 1995 1286 2056 victoriae
1319 2014 1337 2056 1
1364 1991 1472 2056 Gallis

186 2099 444 2185 Samnitibusque
466 2105 640 2185 reportatae
664 2102 816 2165 adnexuit
838 2102 1042 2185 triumphum,
1067 2080 1161 2185 quern
1179 2103 1207 2164 si
1219 2103 1341 2183 justum
1356 2119 1469 2162 rerum

187 2207 329 2270 ordinem
366 2227 491 2271 servare
524 2209 688 2291 voluisset,
725 2209 867 2272 Etruscis
901 2209 1030 2272 demum
1063 2209 1193 2272 devictis
1226 2209 1259 2270 11
1292 2207 1355 2270 fine
1387 2211 1468 2270 anni

185 2335 313 2378 narrare
337 2317 520 2399 scriptorem
544 2319 688 2400 oportuit.

276 2423 363 2498 Quae
386 2442 457 2486 mea
480 2427 635 2488 sententia
658 2445 694 2488 ea
718 2444 844 2509 quoque
867 2445 900 2488 re
915 2425 1044 2488 hrlcitur
1061 2425 1145 2509 quod
1160 2425 1311 2508 triumphi
1327 2424 1466 2508 plerum-

188 2551 249 2615 que
273 2537 408 2595 exeunte
432 2552 514 2595 anno
532 2533 705 2616 agebantur
712 2533 736 2613 2)
761 2538 880 2597 etcum
896 2553 998 2596 annus
1015 2535 1256 2616 magistratuum
1274 2551 1309 2594 eo
1325 2537 1463 2615 tempore

189 2646 340 2701 autumno
373 2640 424 2701 vel
456 2640 558 2703 hicme
590 2642 719 2704 incunte
750 2642 879 2702 initium
911 2639 1079 2723 caperet3),
1116 2639 1232 2703 Fabius
1264 2638 1358 2722 paulo
1393 2647 1460 2701 1111

186 2746 386 2808 consulatum
412 2746 539 2810 finitum
566 2749 761 2832 triumphum
790 2749 890 2831 egisse
918 2747 1093 2811 censendus
1122 2753 1175 2810 est.
1223 2745 1310 2822 Quae
1333 2751 1404 2809 tum
1422 2743 1453 2806 de

185 2873 292 2937 pugna
323 2855 357 2914 111
390 2874 463 2936 agro
492 2853 612 2917 Stellati
640 2856 808 2918 commissa
834 2860 1015 2935 narrantur,
1043 2873 1079 2918 11
1107 2855 1272 2936 scriptores
1300 2853 1460 2914 annalium

186 2981 376 3044 magnopere
408 2964 535 3025 auxisse
569 2969 599 3025 et
630 2964 664 3025 in
696 2964 838 3025 numeris
871 2962 1036 3026 afferendis
1068 2963 1197 3025 modurn
1229 2961 1403 3024 excessisse
1428 2961 1463 3020 in

185 3069 349 3152 propatulo
374 3077 429 3133 est.
471 3067 548 3144 Quis
571 3072 656 3133 enim
679 3070 785 3133 credat
808 3077 878 3152 post
900 3075 1002 3132 tantas
1026 3069 1129 3132 clades
1146 3089 1225 3152 quas
1241 3068 1281 3130 ad
1296 3067 1465 3131 Sentinum

186 3182 216 3238 et
249 3175 410 3238 liternum
445 3175 601 3240 Samnites
640 3183 837 3262 acceperant,
875 3181 920 3240 tot
958 3175 1150 3259 superfuisse
1185 3175 1389 3256 Samnitium,
1425 3181 1466 3236 ut

185 3283 319 3346 sedecim
355 3282 442 3344 milia
477 3302 541 3345 uno
575 3285 693 3367 proeho
729 3283 829 3346 occidi
862 3283 1012 3367 possenti
1057 3281 1169 3365 Neque
1203 3299 1277 3344 vero
1311 3299 1465 3343 numeros

171 3390 288 3452 solum
318 3395 426 3452 auctor
452 3390 547 3472 hujus
575 3392 692 3454 111111
716 3393 818 3454 maius
842 3388 1015 3471 tollebat4),
1044 3389 1099 3453 sed
1123 3391 1216 3453 etiam
1239 3391 1284 3452 ita
1305 3407 1355 3452 res
1378 3390 1465 3472 ipsas

186 3497 373 3581 exponebat,
412 3503 448 3560 ut
485 3499 663 3582 legentibus
696 3499 807 3562 falsam
843 3517 949 3560 rerum
984 3499 1119 3583 speciem
1153 3497 1323 3582 praeberet.
1379 3495 1465 3560 Nam

279 3780 298 3848 ¹)
318 3778 396 3834 Fasti
423 3779 606 3849 triumphales
634 3781 670 3834 ad
696 3798 802 3835 annum
829 3780 881 3856 459
904 3799 931 3836 u.
951 3799 987 3835 c:
1024 3782 1058 3836 de
1077 3779 1249 3834 Samnitibus
1274 3782 1303 3834 et
1321 3775 1464 3832 Etrusoeis

187 3865 289 3921 Galleis
308 3867 378 3936 prid.
397 3885 463 3924 non.
483 3867 560 3937 Sept.

277 3975 298 4044 2)
318 3975 394 4030 Ocni.
414 3975 578 4030 Mommseni
595 3974 717 4030 librumr
734 3977 880 4033 Romische
899 3977 1097 4048 Chronologie²
1115 3996 1143 4048 p.
1159 3979 1193 4032 84
1211 3981 1240 4032 11
1258 3977 1301 4032 85.

276 4083 297 4151 ³)
317 4083 393 4136 Conf.
413 4082 518 4152 Ungeri
537 4083 815 4138 commentationem:
834 4083 879 4139 die
897 4091 964 4140 rbm.
985 4085 1335 4155 8111111111841185.

278 4189 298 4256 ⁴)
318 4188 383 4242 Jure
411 4192 461 4242 tuo
489 4188 596 4243 mireris
625 4190 699 4259 quod
722 4189 841 4260 scriptor
864 4191 983 4246 eundem
1006 4193 1096 4262 (2700)
1120 4196 1149 4246 et
1172 4196 1320 4260 captorum
1337 4190 1461 4244 hostium
1520 4255 1523 4264 ,

186 4298 215 4348 11
243 4295 396 4348 occisorum
414 4295 604 4349 Romanorum
631 4315 777 4352 numerum
805 4299 893 4352 affert.
940 4298 993 4354 Sed
1020 4318 1104 4368 quem
1131 4299 1177 4354 hie
1204 4299 1350 4369 exscripsit
1367 4301 1459 4355 Livius

185 4388 328 4439 auctorem
355 4389 384 4438 et
411 4385 441 4438 in
469 4388 649 4455 sequentibus
677 4388 805 4452 retinuit,
840 4405 904 4442 eum
931 4389 961 4441 in
988 4389 1159 4442 inveniendis
1186 4390 1265 4444 novis
1292 4391 1459 4459 diversisque

184 4475 306 4527 nuureris
324 4492 440 4543 parcum
459 4476 543 4530 fuisse
563 4478 678 4532 subinde
697 4478 852 4548 apparebit.
