3134 5082
595 1023 833 1203 ,lull
890 1225 893 1230 A

198 1365 292 1422 Natus
335 1347 423 1440 sum*
449 1355 590 1425 Carolus
635 1362 806 1447 Georgius
844 1363 997 1450 Klz'nger
1039 1368 1088 1428 die
1131 1373 1228 1429 XXII.
1265 1373 1374 1432 mensis

101 1489 276 1566 Novembris
309 1463 382 1547 anni
402 1491 632 1549 MDCCCLVII
659 1490 689 1548 in
718 1492 785 1550 vico
814 1492 961 1551 Saxoniae
988 1493 1035 1551 cui
1063 1494 1236 1553 Grumbach
1264 1515 1374 1555 nomen

103 1625 144 1670 est
177 1631 270 1689 prope
308 1615 519 1688 Annabergam
551 1612 622 1689 sito,
662 1617 770 1674 Carolo
804 1629 897 1692 patre,
936 1628 1028 1675 matre
1061 1618 1206 1677 Mathilda
1239 1638 1256 1677 e
1286 1631 1375 1696 gente

98 1741 234 1813 Wagner.
294 1739 397 1798 Primis
434 1739 595 1798 litterarum
632 1741 785 1800 elementis
822 1760 841 1800 a
876 1753 971 1818 patre,
1010 1742 1061 1818 qui
1097 1742 1127 1800 in
1163 1743 1231 1802 vico
1268 1745 1374 1804 Grum-

95 1861 177 1918 bach
210 1863 408 1940 praeceptoris
436 1883 558 1922 munere
585 1865 775 1941 fungebatur,
807 1865 939 1926 imbutus
967 1887 1047 1925 anno
1076 1869 1317 1928 MDCCCLXIX
1343 1869 1375 1928 in

95 1987 281 2064 gymnasium
312 1989 503 2065 Fribergense
534 2002 671 2068 receptus
700 2010 780 2064 sum,
813 1993 899 2066 quod
926 1992 1276 2054 benevolentissimorum
1305 2016 1375 2056 usus

97 2113 255 2189 disciplina
282 2124 509 2191 praeceptorum
537 2133 589 2190 per
616 2126 687 2172 octo
716 2134 811 2174 annos
835 2116 1028 2191 frequentavi.
1075 2119 1252 2179 Maturitatis
1276 2132 1374 2180 autem

96 2241 182 2316 quod
223 2251 331 2297 vocant
371 2239 572 2298 testimonium
610 2241 737 2316 adeptus
775 2239 902 2316 primum
941 2243 1085 2319 Erlangae
1123 2244 1271 2321 stipendia
1309 2246 1375 2321 feci,

95 2378 160 2423 tum
201 2365 330 2440 Lipsiam
373 2384 421 2422 me
465 2365 588 2440 contuli,
632 2376 664 2423 ut
704 2364 809 2424 studiis
848 2366 1034 2444 philologieis
1076 2380 1104 2427 et
1142 2369 1288 2428 historicis
1326 2389 1376 2429 me

96 2491 249 2548 dederem.
315 2490 478 2568 Praecipue
517 2489 634 2549 interfui
673 2490 781 2550 scholis
820 2489 1003 2566 ARuoTu,
1044 2491 1188 2566 Coum,
1228 2493 1374 2568 LANou,

98 2613 222 2686 mrsu,
255 2613 294 2676 E.
318 2614 484 2688 Murum,
518 2629 567 2676 uu
590 2614 805 2689 NooRuEm,
840 2615 1053 2691 RrossucKn,
1083 2617 1229 2680 Voruuu
1262 2630 1290 2676 et
1323 2639 1375 2696 per

99 2743 252 2818 complura
290 2740 441 2827 semestria
479 2740 590 2800 sodalis
628 2741 668 2799 fui
706 2739 853 2799 seminarii
888 2741 1032 2818 historici,
1072 2743 1121 2802 cui
1156 2745 1206 2802 illo
1240 2753 1376 2820 tempore

97 2878 149 2924 DE
179 2863 412 2925 NOORDENUS
451 2863 495 2923 vir
532 2863 757 2939 illustrissimus,
801 2883 890 2940 quem
929 2866 1098 2943 nuperrime
1140 2867 1242 2927 litteris
1280 2883 1377 2928 morte

99 3003 283 3064 praematura
321 2992 478 3068 abreptum
522 2991 672 3065 dolemus,
715 3001 857 3066 praeerat.
919 2993 1036 3050 Praeter
1080 3011 1169 3068 quem
1208 2993 1376 3052 studiorum

100 3131 233 3172 meorum
256 3115 401 3175 fautorem
430 3127 459 3173 et
482 3117 648 3192 adjutorem
672 3113 831 3191 plurimum
856 3117 954 3175 debeo
977 3114 1170 3191 ARNDTIO,
1200 3117 1374 3191 MEYERO‚

99 3237 318 3318 Rmuueuro,
342 3241 426 3316 quod
450 3259 487 3298 ue
511 3240 641 3317 ingratus
665 3240 767 3299 videar
789 3241 985 3300 libentissime
1008 3244 1157 3320 profiteor.
