3134 5082
718 247 936 308 -46'-

190 427 330 508 tendam,
375 431 479 489 tamen
518 427 654 489 multum
691 426 822 488 interest
859 426 941 488 inter
973 443 1016 487 ea
1057 429 1255 487 vetustorum
1293 429 1481 508 temporum

190 533 334 617 prodigia
366 538 397 603 et
428 553 466 597 ea
498 551 579 616 quae
609 534 644 596 in
675 536 782 596 nostro
814 531 895 596 libro
928 532 1047 596 scilicet
1074 550 1111 595 ea
1139 536 1238 594 aetate
1266 551 1329 614 qua
1357 531 1481 594 clarior

191 641 339 704 historiae
361 641 420 703 lux
442 640 541 724 fulget
562 639 749 704 referuntur.
795 637 926 702 Haesito
948 640 1053 722 igitur,
1077 658 1157 702 num
1178 632 1275 731 titulo·
1294 638 1366 702 libri
1390 638 1482 702 Julii

172 746 404 831 'obsequentis
427 753 551 812 tantum
575 746 711 811 tribuam
735 751 771 809 ut
792 752 919 831 propter
940 745 1032 810 illum
1054 746 1129 809 inde
1153 745 1191 809 ab
1215 766 1299 809 anno
1316 746 1378 809 505
1397 766 1435 808 n.
1455 765 1479 807 c.

191 855 321 918 demum
357 855 499 939 prodigia
536 853 664 939 publica
702 873 778 917 cura
815 855 990 937 conscripta
1029 871 1097 917 esse
1135 872 1279 917 censeam
1314 873 1350 917 ac
1384 852 1481 936 qnod

193 961 301 1026 Julius
341 961 526 1047 Obsequens
569 962 643 1025 inde
682 961 721 1024 ab
760 981 842 1024 anno
873 962 936 1024 505
964 982 994 1025 u.
1024 979 1048 1023 c.
1087 962 1214 1024 initium
1244 959 1480 1025 conscribendi

190 1070 333 1153 prodigia
367 1070 453 1151 fecit,
490 1069 524 1132 id
550 1069 682 1132 fortasse
718 1073 882 1152 propterea
913 1073 1037 1130 tantum
1069 1067 1185 1131 factum
1220 1072 1278 1149 est,
1316 1066 1403 1151 quod
1442 1085 1479 1129 eo

192 1196 276 1240 anno
303 1181 381 1240 teste
405 1175 576 1240 Censorino
587 1175 608 1254 ¹)
636 1194 756 1237 novum
784 1174 946 1238 saeculnm
969 1171 1111 1257 coepit2).
1136 1211 1178 1220 -
1201 1174 1275 1237 Jam
1297 1193 1372 1236 vero
1395 1173 1480 1236 inde

194 1302 213 1344 a
240 1284 341 1367 eapite
366 1283 407 1345 32
435 1283 543 1345 minus
569 1279 720 1364 impedita
748 1279 952 1364 difficilisque
979 1285 1044 1346 tota
1071 1286 1178 1344 nostra
1206 1265 1374 1364 disputatio
1404 1282 1478 1360 erit,

193 1390 343 1473 qnoniam
372 1394 402 1452 et
428 1407 486 1451 nos
513 1389 548 1449 in
576 1385 831 1450 antecedentibus
854 1388 939 1451 viam
966 1386 1058 1451 nobis
1087 1387 1284 1450 munivimus
1307 1391 1337 1450 et
1358 1385 1477 1450 Livius

190 1497 258 1579 ipse
290 1496 324 1557 in
356 1493 421 1556 fine
453 1494 529 1556 anni
562 1493 601 1556 ad
634 1512 729 1577 quem
761 1494 879 1557 accessi
906 1495 951 1557 ita
978 1494 1016 1557 de
1044 1497 1219 1557 anctorum
1236 1494 1477 1558 narrationibus

192 1600 348 1682 edisserit,
380 1605 417 1663 ut
448 1619 565 1663 nomen
596 1601 703 1684 ipsum
736 1602 872 1664 auctoris
899 1599 1041 1684 primarii
1063 1598 1146 1663 Livii
1174 1605 1310 1665 statuere
1337 1603 1476 1686 possim3

193 1709 248 1772 sed
274 1709 406 1772 fortasse
434 1727 452 1771 e
478 1727 513 1772 re
541 1710 600 1773 erit
628 1714 720 1772 antea
747 1709 903 1772 nonnulla
931 1708 969 1771 de
996 1709 1176 1772 narratione
1202 1710 1272 1792 ipsa
1299 1710 1400 1794 qualis
1435 1712 1479 1774 sit

191 1819 397 1901 praemittere.
443 1815 532 1881 Haec
554 1825 659 1884 autem
682 1818 727 1881 ita
750 1823 929 1901 comparata
951 1822 1010 1899 est,
1040 1821 1075 1879 nt
1097 1817 1207 1880 multis
1230 1817 1372 1901 partibus
1395 1837 1477 1881 cum

193 1923 389 1987 antecedenti
421 1925 686 2008 comparationem
717 1923 837 1986 habeat
893 1921 941 1987 Ile
969 1921 1115 1986 omnibus
1145 1925 1229 1986 enim
1257 1924 1352 1989 rebus
1376 1929 1476 2009 atque

193 2032 270 2096 adeo
300 2033 338 2096 de
365 2033 587 2096 minutissimis
616 2034 731 2116 optime
758 2050 792 2094 se
820 2050 888 2095 esse
915 2033 1105 2095 instructum
1133 2032 1261 2096 simulat
1288 2037 1404 2115 auctor,
1431 2071 1474 2079 -

194 2141 277 2224 quod
307 2159 342 2204 eo
370 2142 471 2224 magis
498 2143 636 2222 mireris,
664 2141 691 2203 si
719 2145 874 2223 quantum
901 2141 984 2203 inter
1011 2159 1045 2202 se
1068 2139 1274 2205 dissenserint
1297 2143 1473 2227 scriptores,
1549 2168 1550 2173 ¹

192 2246 315 2312 videbis
340 2268 395 2310 —:
430 2247 529 2310 veluti
558 2246 596 2310 de
620 2248 704 2310 horis
729 2245 845 2330 quibus
869 2248 910 2309 sit
931 2250 1109 2330 pugnatum
1134 2248 1176 2309 34
1200 2248 1218 2328 ξ
1243 2249 1272 2330 2,
1296 2248 1334 2310 de
1357 2250 1472 2332 pugnis

195 2355 351 2439 quomodo
394 2355 614 2439 processerint,
659 2355 698 2418 de
739 2357 964 2438 imperatorum
1003 2353 1210 2437 orationibus
1255 2357 1293 2419 de
1330 2358 1471 2420 numeris

194 2463 369 2525 occisorum
397 2465 427 2524 et
455 2466 618 2544 captorum
647 2468 741 2545 atque
767 2466 804 2525 nt
832 2460 917 2543 quod
944 2481 1040 2545 snpra
1063 2462 1129 2543 jam
1158 2460 1298 2525 breviter
1325 2463 1470 2526 adnotari
1551 2480 1552 2511 ³

194 2569 254 2631 hoc
280 2569 350 2630 loco
378 2566 507 2631 uberius
535 2568 715 2651 explanem,
747 2569 795 2630 illi
822 2569 948 2631 numeri
974 2569 1019 2630 ita
1047 2566 1108 2630 sibi
1136 2574 1293 2650 constant,
1324 2575 1362 2632 ut
1391 2570 1468 2634 hand

195 2675 352 2739 sollertem
375 2675 409 2736 in
433 2675 647 2756 excogitandis
671 2679 702 2737 et
724 2674 925 2738 inveniendis
947 2675 1089 2737 numeris
1113 2692 1187 2737 eum
1203 2680 1362 2738 auctorem
1377 2676 1466 2740 fuisso

192 2785 265 2866 jure
292 2782 395 2846 dicere
422 2783 531 2866 possis.
578 2781 787 2867 Paragraphis
811 2784 896 2846 enim
921 2782 963 2844 14
986 2788 1017 2846 et
1041 2782 1082 2844 15
1107 2784 1216 2866 capitis
1241 2783 1282 2846 36
1306 2801 1461 2848 recensens

196 2898 273 2976 quot
303 2896 333 2955 et
360 2889 516 2956 Samnites
544 2897 574 2954 et
601 2890 735 2954 Romani
768 2891 930 2954 amiserint
964 2891 1080 2954 milites
1114 2892 1173 2955 hos
1206 2889 1333 2954 exhibet
1365 2890 1468 2954 lirim

195 3017 357 3061 numeros:
382 2999 465 3080 capti
487 3003 563 3062 sunt
585 2997 775 3060 Samnitium
800 2997 895 3079 7800,
919 2998 1001 3060 caesi
1024 2998 1122 3079 4800,
1145 2997 1281 3061 Romani
1301 3000 1471 3062 amiserunt

198 3106 294 3185 7800,
329 3105 442 3169 deinde
476 3124 549 3168 oum
583 3105 766 3168 Postumius
800 3106 834 3168 in
868 3105 997 3168 Etrunia
1030 3125 1098 3169 rem
1131 3113 1317 3190 gereret-
1342 3126 1409 3192 cap.
1434 3107 1471 3170 37

197 3215 215 3295 ξ
240 3215 259 3276 2
284 3251 326 3258 -
351 3212 413 3275 duo
440 3213 529 3276 milia
551 3210 738 3297 octtbgcntz'
757 3212 965 3277 Etruscorum
994 3214 1176 3278 caeduntur.
1227 3214 1339 3298 Neque
1368 3218 1474 3278 minus

196 3322 231 3383 in
258 3318 463 3403 sequentibus
492 3319 647 3404 capitibus
671 3321 811 3383 —inde
839 3341 857 3382 a
886 3322 987 3404 capite
1012 3322 1053 3384 39
1081 3341 1184 3405 usque
1212 3322 1252 3385 ad
1279 3322 1377 3386 finem
1403 3323 1474 3386 libri

197 3429 311 3491 decimi
334 3465 376 3472 -
401 3427 517 3512 quibus
541 3427 675 3490 eundem
698 3434 804 3491 noster
826 3429 957 3491 retinuit
977 3428 1096 3492 fontem
1112 3428 1210 3491 -id
1234 3429 1320 3512 quod
1342 3429 1475 3493 subinde

198 3535 464 3599 demonstrabitur
488 3573 530 3581 —
555 3537 734 3598 octonarius
757 3556 909 3599 numerus
932 3536 1101 3620 profertur:
1126 3556 1191 3620 cap.
1218 3539 1259 3600 39
1284 3538 1302 3619 §
1328 3539 1361 3600 3:
1387 3556 1475 3600 caesa

196 3643 240 3706 ibi
279 3643 367 3705 milia
404 3643 570 3706 hominurn
610 3644 672 3707 duo
711 3643 809 3707 ferme
849 3649 943 3726 atque
981 3641 1183 3727 octzbgentz}
1228 3664 1292 3728 cap.
1318 3646 1360 3706 42
1397 3644 1472 3726 gb:

198 3755 288 3834 capta
325 3751 387 3812 tria
424 3751 514 3813 milia
551 3747 739 3834 0εοομηο
774 3755 804 3814 et
839 3753 1050 3834 septuaginta
1095 3770 1160 3834 cap.
1185 3753 1227 3814 43
1263 3752 1340 3832 §St
1388 3769 1475 3814 caesa

199 3857 237 3920 ad
278 3862 426 3940 quattuor
464 3857 554 3920 milia
587 3854 775 3942 artagena·
805 3854 990 3942 octoginta·
1034 3877 1098 3941 cap.
1124 3859 1165 3920 43
1202 3859 1220 3939 ξ
1246 3858 1300 3920 14:
1349 3857 1474 3921 ducenti

295 4157 314 4225 1)
335 4155 476 4210 Censorin.
496 4156 530 4210 da
549 4156 593 4211 die
612 4159 670 4210 nat.
690 4157 710 4210 l.
733 4158 772 4210 17.

291 4246 311 4312 2)
332 4245 409 4300 Conf.
439 4247 472 4300 de
499 4247 553 4299 hac
581 4264 611 4301 re
639 4244 772 4301 Niebuhr.
800 4245 866 4302 hist.
889 4246 998 4300 Roman
1016 4247 1052 4301 Ι.5
1075 4263 1102 4316 p.
1117 4248 1176 4301 277.
1197 4247 1256 4301 278,
1302 4246 1473 4315 Quamquam

199 4353 243 4391 me
266 4354 324 4390 non
350 4336 484 4406 praeterit
510 4335 584 4390 hanc
612 4334 757 4390 difficilem
785 4335 977 4405 quaestionem
1005 4335 1044 4391 eis
1073 4353 1145 4405 quae
1174 4335 1316 4405 disputavi
1344 4353 1402 4390 non
1432 4335 1472 4388 ab·

200 4427 323 4481 solutam
340 4443 411 4490 esse,
437 4429 532 4480 tamen
550 4427 604 4485 hoc
622 4427 685 4484 loco
705 4425 872 4484 sententiam
890 4443 995 4490 meam,
1020 4443 1106 4501 quam
1125 4424 1194 4485 alibi
1212 4425 1302 4496 magis
1322 4425 1470 4502 explanabo

200 4516 339 4593 professus
359 4533 428 4574 snm.
