3134 5082
634 279 851 342 ...65-

543 497 579 592 2)
625 493 947 576 Illo-zonaras.

195 651 319 733 Polybii
344 652 432 716 brevi
456 672 592 717 excursu
616 673 688 718 cum
710 654 744 717 id
767 654 870 718 solum
891 655 1075 740 profecerim
1091 656 1238 738 antiquos
1253 654 1383 717 annales

98 778 294 842 magnopere
325 779 394 824 esse
420 761 629 824 recentiorum
657 759 838 824 fictionibus
866 761 1065 845 depravatos,
1095 779 1176 844 quae
1202 779 1252 823 res
1278 761 1357 822 ito
1349 779 1384 822 ιιι

97 869 251 949 promptu
285 869 344 947 est,
377 866 651 950 utdisputatione
678 887 743 930 non
772 871 873 951 egeat,
847 867 945 931 tde
974 866 1075 932 Cassii
1102 865 1215 930 Dionis
1241 867 1386 950 reliquiis

99 974 237 1057 ejusque
271 974 321 1057 epi
321 976 483 1038 tornatoris
518 974 657 1039 Zonaras
695 977 876 1039 narratione
913 995 985 1039 oum
1024 974 1203 1060 disputab0,
1240 973 1384 1060 pluribus

98 1081 215 1164 eisque
237 1081 322 1145 haud
345 1083 436 1165 parvi
458 1082 606 1166 ponderis
626 1084 828 1167 argumente,
853 1102 934 1168 quae
953 1102 1049 1167 supra
1064 1083 1104 1146 de
1122 1081 1262 1147 fontibus
1280 1081 1384 1161 statii,

98 1186 325 1252 firmabuntur.
394 1240 419 1284 ,q

194 1294 268 1358 Jam
296 1315 337 1359 ne
365 1297 499 1360 aliorum
522 1301 768 1382 praeoccupatus
790 1298 901 1362 ridear
924 1297 1140 1383 opinionibus,
1169 1297 1385 1383 quaestionem

99 1405 215 1464 utrum
245 1399 306 1466 Dio
338 1401 465 1467 Livium
496 1404 602 1488 ipsum
634 1424 675 1468 an
708 1405 775 1486 ejus
806 1404 926 1468 fontem
960 1407 1173 1490 exscripserit,
1205 1423 1294 1469 nunc
1320 1423 1384 1467 non

101 1509 271 1593 attingam,
318 1510 373 1574 sed
417 1512 493 1595 quid
536 1514 670 1576 sentiam
712 1531 753 1576 ex
795 1515 941 1596 sequenti
984 1514 1196 1598 disputatione
1239 1513 1385 1596 cognosci

101 1636 199 1702 posse
226 1634 326 1703 spero.

196 1726 245 1789 Ao
275 1727 377 1809 primo
410 1726 539 1810 quidem
571 1726 684 1794 Dionis
715 1729 959 1813 fragmento—
995 1735 1042 1794 est
1072 1731 1107 1793 in
1139 1729 1276 1794 editione
1307 1726 1385 1791 Din-

103 1831 247 1896 dorfiana
272 1833 321 1896 36.
341 1834 448 1898 27-
473 1835 513 1898 ad
542 1835 701 1900 decimum
728 1836 846 1901 librum
873 1843 959 1921 spect
947 1838 1027 1900 tanti
1051 1837 1089 1901 de
1112 1838 1282 1900 certamine
1304 1837 1387 1899 inter

102 1940 316 2005 Volumnium
334 1944 536 2027 Appiumque
559 1949 668 2008 exorto
691 1945 833 2026 refertur,
858 1965 995 2029 quocum
1018 1945 1153 2009 frustulo
1177 1943 1290 2008 Dionis
1313 1963 1387 2006 con-

102 2049 180 2112 ferri
203 2055 305 2135 potest
325 2049 436 2115 Livius
458 2053 533 2115 inde
556 2073 574 2115 a
598 2051 653 2135 §6
677 2072 742 2137 cap.
762 2054 811 2116 19.
835 2052 941 2116 Verba
963 2055 1032 2137 ipsa
1055 2071 1224 2139 apponam:

143 2170 208 2226 Dio:
237 2172 285 2224 τοῦ
306 2171 463 2228 Ἀππίου..
479 2174 718 2282 ,προσνεγκὸν-
809 2173 914 2230 Iuvius:
945 2178 1126 2243 ceciliamque
1148 2173 1255 2243 Appius
1276 2177 1328 2224 sibi
1347 2191 1387 2223 ac·

105 2281 159 2319 τος
178 2261 249 2328 αὐτῷ
268 2260 296 2313 ἐν
314 2259 469 2330 Mqoiq‘
454 2283 495 2316 οτι
513 2263 661 2334 σοφώτερος
676 2263 715 2332 ὑφ
774 2273 874 2331 ceptum
893 2267 995 2334 referre
1013 2268 1109 2315 diceret
1125 2267 1214 2314 debere
1231 2261 1307 2331 quod
1325 2277 1385 2329 sqq.

106 2350 205 2402 ἑαυτοῦ
233 2351 345 2421 γενονὼς
372 2348 531 2421 οὐδεμίαν
562 2347 596 2406 οἶ
625 2352 719 2423 χάριν

105 2433 217 2505 ειδείη.

197 2532 234 2594 Ιιι
259 2535 465 2618 sequentibus
490 2556 683 2620 quemquam
707 2535 834 2599 verba'
825 2556 894 2619 rpsa
917 2534 1102 2619 discrepant,
1125 2540 1231 2598 tamen
1252 2531 1387 2596 Dionem

106 2638 193 2700 idem
219 2639 303 2722 quod
330 2639 456 2704 Livium
479 2643 584 2706 dicere
605 2643 745 2706 voluisse
767 2661 860 2706 nemo
884 2643 943 2704 erit
966 2642 1021 2724 qui
1044 2645 1149 2723 neget:

145 2758 210 2813 Dio:
239 2759 319 2817 αὐτας
345 2762 395 2828 μὲν
422 2768 467 2815 καὶ
491 2765 626 2832 γεγονέναι
649 2758 720 2816 οὕτω
809 2760 915 2818 Livius:
935 2777 1020 2830 quam
1029 2761 1143 2816 mallem
1152 2763 1266 2814 tuame
1276 2764 1387 2814 strenue

106 2849 256 2921 σοφώτερος
265 2856 310 2903 καὶ
321 2849 459 2920 ὁμολογεῖν
467 2851 537 2904 τοῖτ’
552 2852 610 2921 ἔφη,
621 2851 721 2906 ἐκεῖνον
774 2851 866 2904 facere
894 2866 979 2918 quam
1009 2867 1061 2920 ego
1090 2850 1139 2903 abs
1164 2853 1193 2904 te
1217 2847 1287 2902 scibo
1308 2847 1388 2917 loqui

107 2934 137 2989 δὲ
151 2935 234 3005 μηδὲν
248 2939 315 3010 πρὸς
331 2940 365 2992 τὰ
379 2941 427 2993 τοῦ
441 2939 559 3010 πολέμου
573 2941 720 3012 πράγματα
775 2939 941 2995 didicissem.

107 3023 304 3081 ἐπιδεδωκέναι.

200 3137 341 3222 Sequens
380 3147 486 3204 autern
520 3140 633 3204 Dionis
672 3141 884 3225 fragmentum
922 3141 1064 3224 intellegi
1102 3159 1165 3203 non
1205 3145 1320 3223 potest,
1354 3139 1388 3199 ni

109 3243 249 3309 Zonaras
281 3249 415 3330 epitome
448 3250 539 3332 quasi
572 3248 753 3312 adiumento
786 3250 915 3312 utimur.
968 3245 1030 3323 Qui
1059 3247 1159 3330 capite
1185 3247 1288 3330 primo
1315 3242 1388 3306 libri

108 3355 213 3416 octavi
236 3357 405 3418 memoriae
428 3357 564 3436 mandat,
588 3355 743 3420 Samnites
767 3357 875 3420 multis
892 3357 1080 3439 magnisque
1096 3352 1238 3418 cladibus
1255 3352 1389 3434 acceptis

108 3481 129 3524 a
152 3460 233 3524 bello
257 3482 320 3525 non
342 3464 505 3544 destitisse,
529 3465 584 3528 sed
601 3463 707 3528 Gallos
727 3464 787 3528 sibi
803 3465 902 3528 socios
919 3465 1110 3544 adiunxisse,
1128 3480 1239 3547 quare
1254 3477 1389 3544 magnus

108 3566 229 3630 Romae
252 3569 407 3632 tumultus
431 3575 518 3634 crtus
542 3577 630 3634 esset.
670 3570 810 3634 Zonaras
832 3569 928 3633 verba
951 3570 1029 3632 haec
1051 3574 1139 3633 sunt:
1165 3563 1233 3637 δὀἱ
1248 3575 1391 3653 Ρωμαῖοι

108 3671 274 3762 μαθόντες
296 3677 329 3754 ἐς
352 3680 428 3756 δέος
450 3682 650 3766 κατέστησαν
674 3678 863 3762 quibuscum
888 3675 1031 3742 conferas
1053 3676 1179 3740 Livium
1204 3675 1244 3738 X.
1263 3675 1302 3736 21
1329 3674 1348 3755 ξ
1369 3675 1388 3736 3

109 3783 173 3846 »bis
196 3785 318 3848 nuntiis
342 3791 469 3848 senatus
492 3787 704 3849 conterritus«.
743 3784 804 3849 Sed
826 3789 897 3868 post
912 3785 967 3848 illa
982 3783 1078 3848 verba
1094 3784 1231 3848 Zonaras
1247 3785 1390 3844 accurate

109 3897 252 3956 recenset
273 3893 417 3976 prodigia
439 3913 476 3957 eo
492 3913 575 3957 anno
590 3893 671 3958 lacta
686 3894 817 3976 ejusque
831 3911 948 3956 nomen
964 3894 1020 3976 qui
1035 3894 1257 3976 interpretatus
1272 3893 1320 3952 est
1334 3888 1390 3951 illa

159 4035 200 4044 -
217 4006 253 4062 ut
276 3999 401 4063 videtur
418 4037 458 4045 --
476 4001 665 4085 procuravit,
690 3999 785 4063 effert
824 3999 901 4062 Erat
920 3997 1059 4063 Manlius
1082 3998 1176 4061 horno
1191 3997 1310 4062 Tuscus
1335 3997 1389 4080 qui

113 4124 185 4168 cum
215 4110 346 4168 eventus
374 4107 630 4170 vaticinationem
654 4105 862 4186 adfirmasset,
890 4106 1061 4189 sapientiae
1083 4104 1199 4167 famam
1222 4121 1392 4186 rerumque

113 4211 293 4276 futurarum
320 4212 509 4296 cognitionis
533 4213 616 4296 apud
639 4211 799 4276 Romanos
823 4217 1011 4275 consecutus
1034 4218 1088 4274 est.
1127 4211 1200 4274 Jarn
1224 4209 1285 4273 Dio
1307 4209 1390 4293 frag·

113 4324 219 4387 mento
235 4319 495 4383 duodetricesimo
508 4325 614 4384 narrat
625 4321 722 4384 variis
738 4318 876 4383 motibus
888 4317 1104 4382 Romanorum
1112 4319 1239 4402 animos
1249 4315 1391 4382 turbatos

113 4427 211 4494 fuisse
238 4434 269 4490 ot
296 4446 352 4510 spe
378 4432 528 4511 metuque
559 4427 753 4511 pependisse.
808 4426 887 4488 Τιιιιι
915 4431 1019 4488 autern
1051 4426 1165 4509 pergit:
1201 4419 1392 4510 συμβάντων

116 4538 150 4605 di
186 4533 295 4611 αὐτῶν
327 4531 372 4622 oie
404 4531 549 4612 ἑκάστων
580 4537 634 4602 καὶ
652 4587 658 4603 .
675 4587 682 4601 .
699 4587 705 4602 .
723 4586 729 4600 .
750 4529 934 4625 ἐφήρμοσαν
965 4535 1018 4602 καὶ
1050 4528 1147 4609 αι’τὸς
1179 4535 1290 4618 σοφίας
1321 4530 1392 4600 τινα

1214 4655 1230 4708 b
