3134 5082
727 241 946 301 *qq-

200 415 308 478 ecdem
333 435 428 479 sensu
453 417 536 481 dicta
558 436 626 481 0000
650 425 783 502 apparet.
823 418 934 501 Neque
957 421 1040 480 eninr
1066 419 1150 482 aliud
1176 419 1350 502 quidquam
1374 420 1476 482 dicere

199 523 269 585 vult
292 529 401 585 auctor
425 544 520 606 quam
543 525 618 587 deos
643 527 727 609 ipsos
750 525 902 588 Romanis
926 526 1091 588 devotione
1109 535 1234 608 peracta
1250 546 1340 610 opem
1357 528 1475 590 tulisse.

200 627 318 692 Simffis
342 630 506 693 intercedit
530 633 608 694 10110
632 633 665 694 10
690 631 907 715 sequentibus:

214 752 301 816 VIII.
328 755 354 816 9.
382 755 435 816 12:
470 754 525 817 ubi
552 774 627 817 vero
656 757 774 818 corruit
801 754 933 818 obrutus
961 757 1045 836 telis,
1077 757 1151 820 inde
1175 758 1240 837 jam
1268 757 1354 820 haud
1382 757 1478 820 dubie

326 866 542 923 consternatae
565 862 707 924 cohortes
730 860 922 924 Latinonmr.

260 983 300 1048 X.
326 987 376 1049 29.
402 988 435 1048 2:
471 985 552 1048 Galli
585 995 615 1049 et
647 988 785 1049 maxime
816 987 929 1070 globus
957 989 1165 1050 circumstans
1194 989 1333 1050 consulis
1362 1007 1478 1071 corpus

327 1095 413 1158 velut
437 1095 572 1157 alienata
595 1101 700 1157 mente
722 1116 804 1158 vana
827 1097 987 1158 incassum
1007 1096 1125 1177 jactare
1148 1097 1216 1158 tela.

287 1218 347 1282 Sed
393 1219 567 1283 absolvitur
609 1240 659 1284 res
697 1240 767 1283 meo
807 1221 934 1304 quidem
971 1209 1104 1303 judicic,
1143 1223 1169 1284 si
1209 1221 1285 1284 haec
1322 1223 1405 1284 Inter
1443 1242 1479 1284 se

197 1345 373 1411 comparas:

162 1541 164 1546 Α
212 1451 298 1514 VIII.
326 1453 375 1514 10.
402 1453 456 1514 1οε
482 1453 620 1516 00000110
644 1473 758 1536 corpus
782 1473 822 1516 ne
846 1473 882 1516 00
907 1455 956 1515 die
979 1455 1184 1532 Inveniretur,
1207 1473 1273 1514 nox
1290 1459 1479 1536 quaerentes

325 1560 486 1642 oppressit,
502 1565 625 1642 postero
643 1560 692 1621 die
707 1561 872 1622 inventum
887 1561 971 1622 inter
985 1561 1159 1621 maximam
1175 1560 1312 1621 hostium
1329 1564 1478 1640 stragem,

324 1672 504 1760 coopertum
543 1666 626 1748 telis,
664 1666 825 1750 funusque
863 1670 892 1730 01
926 1689 983 1751 par
1016 1675 1116 1729 morte
1151 1667 1321 1730 celebranti
1356 1667 1479 1748 collega

325 1774 443 1836 factum
467 1781 521 1836 est.

257 1898 297 1960 X.
323 1900 373 1960 29.
400 1899 454 1960 19:
495 1900 634 1962 00000110
673 1918 786 1982 corpus
824 1919 860 1962 00
895 1900 945 1962 die
981 1901 1055 1983 quia
1090 1899 1238 1962 obrutum
1273 1901 1477 1983 superstratis

324 2005 487 2068 Gallorum
525 2007 662 2070 cumulis
701 2014 779 2088 0101,
817 2009 955 2069 inveniri
990 2027 1055 2069 non
1090 2009 1199 2091 potuit.
1257 2005 1387 2070 Postero
1423 2007 1477 2068 die

323 2117 488 2178 inventum
513 2165 519 2177 .
544 2165 550 2176 .
576 2164 581 2176 .
606 2114 723 2177 Fabius
758 2116 895 2198 collegae
926 2115 1023 2178 10000
1056 2117 1142 2177 omni
1175 2116 1294 2177 honore
1326 2114 1477 2178 laudibus

325 2224 446 2285 meritis
470 2221 606 2284 celebrat
615 2223 644 2300 ¹).

285 2347 384 2424 Quem
411 2355 516 2410 autem
540 2348 598 2410 1100
620 2355 728 2411 000110
751 2350 961 2432 disputatione
984 2351 1152 2412 statuimus
1169 2369 1366 2428 consensum,
1389 2349 1476 2412 idem

193 2459 286 2520 etiam
313 2457 348 2518 in
376 2456 446 2518 aliis
474 2455 568 2518 rebus
599 2457 706 2519 elucet.
758 2456 1052 2537 1000100001002)
1081 2459 1115 2519 10
1143 2458 1243 2520 100100
1271 2456 1347 2519 belli
1370 2455 1474 2520 Latini

191 2567 356 2648 inquimus
388 2565 422 2626 in
455 2564 560 2627 locum
588 2563 676 2626 Decii
710 2567 763 2646 qui
798 2584 831 2627 00
863 2567 896 2626 10
930 2585 1037 2648 pugna
1070 2566 1108 2628 ad
1132 2565 1276 2628 Veserim
1305 2564 1474 2627 devoverat

193 2693 386 2756 quamquam
408 2674 538 2736 ineunte
561 2674 747 2754 magistratu
769 2673 951 2735 Interiectus
976 2692 1043 2735 0000
1066 2673 1234 2752 videretur,
1257 2692 1376 2735 novum
1400 2692 1470 2734 oon-

193 2781 294 2843 sulem
327 2779 492 2844 suffectum
525 2800 589 2842 non
622 2799 689 2843 esse
721 2780 859 2843 breviter
891 2783 1043 2864 exposuit.
1097 2779 1157 2855 Qui
1190 2782 1239 2842 vir
1271 2781 1463 2843 doctissimus

195 2905 387 2969 quamquam
415 2906 544 2970 prorsus
572 2886 656 2949 idem
684 2889 767 2950 valet
794 2889 828 2949 in
852 2886 885 2950 P.
903 2885 1035 2950 Decium
1059 2887 1163 2951 filium
1186 2896 1330 2950 nostrum
1355 2887 1468 2950 librum

191 2997 227 3054 ut
261 3011 328 3054 1010
365 2993 464 3074 magis
502 2993 697 3075 explanaret,
734 3013 799 3055 non
836 2993 983 3056 laudavit.
1045 2993 1158 3077 Pugna
1194 2995 1279 3056 enim
1318 2993 1471 3056 Sentinati

191 3105 316 3162 narrata
350 3100 451 3162 multa
486 3101 547 3162 alla
582 3119 662 3183 quae
697 3106 727 3162 et
760 3103 794 3163 in
827 3101 955 3164 Etruria
989 3108 1018 3164 01
1052 3104 1084 3164 10
1115 3100 1243 3165 Samnio
1277 3108 1365 3184 gesta
1400 3104 1473 3182 01111,

191 3213 485 3287 commemorantur,
509 3213 644 3270 attamen
670 3209 809 3272 consulis
834 3211 954 3274 suffecti
975 3230 1040 3273 non
1056 3210 1091 3272 fit
1108 3211 1235 3272 mentio.
1276 3209 1336 3272 Sed
1353 3211 1474 3272 accedit

193 3314 286 3376 aliud.
333 3313 367 3376 P.
386 3312 481 3377 Decio
505 3313 596 3376 blure
623 3314 689 3376 tilio
713 3317 746 3376 in
771 3317 883 3378 mediis
906 3315 1049 3379 hostibus
1073 3316 1235 3379 interfecto
1259 3322 1366 3378 nostro
1390 3314 1472 3377 libro

190 3421 289 3482 veluti
317 3440 399 3482 nova
425 3421 536 3502 incipit
564 3441 683 3503 pugna,
711 3442 785 3484 nam
816 3422 931 3485 Fabius
959 3424 993 3484 in
1017 3422 1127 3484 dextro
1155 3443 1253 3485 oomn
1280 3423 1472 3486 »cvrnctando

285 3613 303 3682 1)
322 3611 363 3666 Ι)0
386 3613 440 3666 hac
463 3630 491 3666 10
513 3613 583 3666 mihi
606 3613 751 3667 disserenti
771 3614 841 3668 alius
860 3613 931 3667 Livii
949 3615 1026 3668 locus
1045 3615 1075 3668 in
1092 3619 1215 3669 mentem
1234 3615 1318 3669 venit.
1356 3616 1472 3686 Legitur

190 3702 246 3756 Liv.
266 3702 349 3755 XXII.
371 3704 394 3755 7.
416 3705 444 3755 5:
478 3703 607 3756 Flaminii
632 3721 744 3772 quoquc
769 3722 868 3773 corpus
892 3704 995 3758 funeris
1020 3722 1103 3759 00000
1126 3723 1230 3775 magna
1253 3724 1316 3760 cum
1340 3724 1406 3760 cura
1429 3706 1470 3758 in·

190 3791 324 3860 quisitum
342 3809 400 3846 non
418 3791 525 3845 invenit
544 3792 611 3860 (scil.
631 3793 791 3860 Hannibal).
821 3793 953 3862 Polybius
972 3795 1006 3848 de
1024 3795 1077 3848 hac
1096 3812 1125 3848 10
1142 3795 1213 3848 nihil
1226 3795 1315 3848 tradit
1330 3795 1374 3848 III.
1386 3795 1428 3848 85.
1440 3797 1469 3849 5:

189 3880 306 3932 καὶτῶν
325 3882 424 3950 νεκρῶν
442 3881 496 3932 τῶν
515 3879 543 3932 ἐκ
562 3882 607 3947 τῆς
625 3884 750 3952 σφετέρας
769 3879 902 3949 δυνάμεως
920 3883 983 3938 τοὺς
1002 3882 1225 3951 ἐπιφανεστάτους
1244 3883 1358 3954 ἔθαψεν.
1389 3883 1470 3948 Quod

189 3968 429 4022 Weissenbornius
449 3969 510 4022 adh.
531 3969 547 4021 l.
568 3969 699 4023 adnotat:
739 3969 824 4034 ,Dem
843 3971 996 4025 1011011101
1019 3972 1068 4026 der
1088 3972 1187 4026 cotta
1204 3973 1297 4026 wurde
1321 3973 1365 4027 die
1383 3973 1469 4027 letzte

190 4057 261 4112 Ehre
279 4058 359 4112 nicht
377 4077 411 4111 zu
429 4057 504 4122 teilt,
525 4076 581 4111 non
599 4063 674 4112 recte
693 4059 763 4112 mihi
781 4060 814 4113 de
829 4060 882 4113 hoc
897 4061 958 4113 loco
970 4059 1108 4128 judicasse
1123 4061 1239 4116 videtur.
1272 4062 1307 4116 Ut
1321 4061 1467 4116 Deciorum

190 4165 307 4216 corpora
326 4147 374 4217 qui
392 4147 503 4200 fortiter
521 4151 680 4216 pugnantes
696 4147 726 4201 in
741 4148 839 4202 mediis
854 4149 981 4202 hostibus
995 4149 1136 4203 interfecti
1150 4155 1237 4214 erant,
1256 4168 1313 4204 non
1328 4153 1467 4220 extemplo

189 4236 415 4300 inveniebantur,
439 4236 482 4289 ita
505 4253 539 4289 nc
557 4236 687 4290 Flaminii
711 4237 822 4305 quidem
843 4255 954 4307 corpus,
979 4238 1027 4306 qui
1047 4243 1157 4293 strenue
1177 4239 1274 4292 militis
1293 4257 1377 4308 opera
1396 4257 1469 4294 01100-

190 4329 271 4378 cutus
299 4343 466 4394 quacunque
492 4325 522 4378 in
550 4328 630 4394 parte
658 4326 747 4395 premi
775 4344 808 4380 ac
835 4326 962 4380 laborare
989 4332 1112 4381 senserat
1139 4346 1214 4393 suos,
1242 4329 1348 4382 ferebat
1376 4347 1466 4398 opem,

188 4413 342 4468 inventum.

279 4503 300 4574 2)
320 4504 441 4559 Olenon:
459 4504 524 4557 hist.
544 4504 622 4557 Rom.
642 4506 675 4557 ΙΙ.
696 4507 720 4558 5.
740 4507 800 4558 240.
