3216 5082
675 265 895 326 ..Ν-

132 437 303 503 Diodorus
314 441 335 520 1)
360 461 396 504 ea
419 443 457 505 de
480 464 588 526 pugna
612 445 743 506 certiora
765 441 857 505 nobis
886 442 1050 505 tradiderit
1073 461 1154 526 quae
1177 461 1251 505 cum
1274 443 1320 505 eis
1344 461 1425 525 quae

131 546 254 612 Livius
283 551 428 632 sequenti
452 588 494 595 —
520 551 631 633 quinta
654 588 695 595 —
719 549 913 633 paragrapho
937 549 973 630 ej.
998 568 1062 633 cap.
1092 548 1218 612 exhibet
1245 554 1425 632 congruunt

136 660 175 716 et
208 655 277 717 sine
308 656 374 718 ullo
403 656 513 741 dublo,
548 658 622 739 quia
655 675 694 719 ex
723 656 947 719 vetustioribus
981 656 1149 719 annalibus
1176 655 1352 736 fluxerunt,
1385 655 1424 717 ad

134 763 309 824 venitatem
348 763 528 826 historicam
568 763 697 846 propius
738 763 898 826 accedunt.
967 763 1044 825 Inde
1084 763 1227 845 sequitur
1265 767 1424 824 auctorem

133 867 241 949 Irni,
270 871 325 952 qui
353 877 443 932 antea
473 871 601 953 ancipiti
628 870 747 953 proelio
780 869 963 934 dimicatum
987 888 1055 933 esse
1078 874 1266 952 noctemque
1289 870 1424 931 incertos

134 978 222 1038 vioti
246 977 421 1040 victoresne
445 983 561 1057 essent,
590 977 753 1040 diremisse
776 983 969 1055 narraverat,
998 997 1037 1039 ex
1060 977 1268 1060 posteriorum
1291 993 1424 1038 numero

136 1103 227 1164 esse,
257 1085 314 1166 qui
338 1103 446 1146 omnes
470 1085 573 1147 clades
597 1083 756 1147 Romanas
785 1083 963 1146 oblitterare
991 1082 1166 1146 studebant.
1213 1081 1265 1144 Ad
1289 1081 1424 1144 eundem

139 1191 242 1273 igitur
266 1197 425 1254 auctorem
449 1193 543 1254 etiam
568 1195 713 1254 nostrum
736 1192 841 1253 locum
863 1190 1062 1254 referendum
1085 1207 1153 1252 esse
1175 1206 1295 1254 censeo

235 1296 321 1372 Quae
345 1298 371 1360 si
394 1303 477 1360 recte
501 1297 667 1380 disputavi,
690 1296 923 1360 Friedersdorfii
942 1298 1098 1360 sententia
1112 1297 1145 1358 in
1162 1297 1424 1359 commentatione

143 1405 184 1466 de
215 1404 294 1466 libro
318 1403 432 1467 XXVI
440 1404 464 1484 2)
496 1407 618 1489 prolata
650 1405 833 1488 corrigenda
865 1424 933 1468 esse
965 1404 1098 1468 videtur.
1149 1403 1182 1466 Is
1211 1403 1295 1464 enim
1323 1407 1423 1464 totum

143 1509 264 1573 librum
282 1510 397 1574 XXVI
422 1511 526 1574 Coelio
550 1514 717 1596 Antipatro
741 1512 880 1574 vindicat
904 1520 998 1594 atque
1022 1513 1116 1574 etiam
1140 1530 1207 1574 eam
1231 1513 1361 1592 partem,
1385 1508 1424 1570 ad

141 1637 239 1700 quam
267 1620 392 1701 saepius
420 1620 557 1701 legentes
586 1621 861 1703 relegavimus-
887 1619 956 1681 dico
985 1619 1087 1702 capita
1112 1618 1218 1680 5,-11
1245 1655 1285 1663 -
1311 1637 1424 1700 quam-

140 1744 240 1808 quam
263 1727 367 1808 ipsum
384 1725 510 1788 Iim'um
533 1727 626 1790 habet
649 1727 869 1810 obloquentem
878 1725 912 1807 ³),
936 1744 993 1808 ego
1010 1731 1115 1789 autem
1132 1727 1282 1808 quoniam
1298 1725 1423 1808 saepius

72 1849 73 1852 ’
140 1851 249 1896 rerum
278 1833 510 1917 verborumque
543 1835 783 1898 similitudinem
816 1835 899 1897 inter
927 1835 1029 1917 capita
1056 1834 1185 1896 laudata
1211 1832 1285 1896 libri
1307 1831 1423 1894 XXVI

143 1945 174 2002 et
207 1949 351 2004 nostrum
386 1942 503 2005 librum
535 1943 781 2005 intercedentem
813 1943 933 2023 notavi,
966 1962 1030 2005 non
1062 1942 1206 2004 dubitavi
1234 1941 1288 2004 illa
1321 1942 1423 2025 capita

142 2049 245 2111 eidem
277 2049 415 2112 tribuere
448 2052 591 2134 scriptori
621 2070 683 2133 quo
711 2051 861 2132 primario
888 2048 998 2112 Livius
1026 2050 1060 2112 in
1088 2049 1209 2112 decimo
1236 2048 1317 2111 libro
1344 2068 1422 2111 usus

140 2159 195 2216 est.
235 2156 341 2237 Atque
365 2157 403 2218 ad
427 2157 509 2219 hanc
531 2178 634 2220 meam
658 2159 846 2220 sententiam
871 2155 1252 2240 optimequadrat‚‘quod
1272 2157 1422 2239 incapite

139 2262 308 2324 undecimo
344 2263 416 2325 libri
439 2263 553 2325 XXVI
589 2263 690 2326 imber
724 2267 836 2347 ingens
870 2264 1024 2346 grandine
1057 2265 1177 2326 mixtus
1211 2283 1349 2346 pugnam
1383 2264 1422 2325 ad

141 2367 260 2431 Romae
282 2376 387 2452 portas
411 2370 554 2434 turbasse
579 2372 700 2452 dicitur,
724 2373 936 2454 nequeenim
960 2371 1061 2434 solum
1086 2377 1176 2433 nocte
1195 2372 1422 2433 interveniente

143 2495 268 2558 pugnae
294 2478 327 2538 in
355 2477 524 2541 annalibus
547 2478 697 2542 Romanis
722 2478 927 2558 diffluatur,
956 2478 1011 2540 sed
1035 2479 1129 2540 etiam
1152 2475 1421 2559 tempestatibus4)

144 2589 176 2644 et
204 2584 284 2665 quod
308 2583 571 2649 Friedersdorfius
594 2585 795 2649 Wdltlinium
823 2589 949 2648 secutus
957 2581 981 2665 ὗ)
1010 2585 1066 2648 has
1093 2604 1216 2667 pugnas
1240 2589 1422 2666 tempestate

143 2689 279 2771 quadam
309 2691 457 2755 diremtas
484 2695 705 2775 proprietatem
732 2693 830 2756 fuisse
862 2693 1052 2754 narrationis
1081 2691 1246 2754 Coelianae
1278 2699 1308 2753 et
1341 2711 1421 2773 quae

140 2798 175 2858 in
199 2798 301 2880 prima
326 2799 440 2882 decade
463 2800 675 2880 inveniantur,
699 2820 717 2860 a
739 2798 964 2882 posterioribus
988 2797 1164 2862 secundum
1188 2797 1330 2860 Coelium
1354 2816 1421 2861 esse

138 2903 229 2966 fictas
246 2906 329 2986 dion,
352 2907 403 2968 vir
422 2906 532 2969 doctus
549 2926 669 2970 errasse
691 2906 851 2989 putandus
875 2913 929 2986 est,
955 2906 1040 2989 quod
1056 2924 1114 2967 nec
1129 2925 1249 2988 paragr.
1267 2905 1420 2968 decimam

139 3031 206 3094 cap.
230 3010 280 3076 XI
313 3015 388 3076 satis
421 3019 564 3076 accurate
596 3016 818 3096 interpretatus
851 3020 898 3077 est
925 3032 983 3076 nec
1011 3018 1204 3096 quantopere
1231 3012 1319 3075 locus
1347 3011 1420 3075 libri

140 3121 272 3183 secundi
280 3121 317 3203 6t:
350 3121 454 3183 »toeda
485 3125 660 3204 tenpestas
691 3142 765 3183 cura
789 3118 965 3206 grandem
993 3157 1034 3165 ——
1064 3119 1235 3202 tranquilla
1257 3116 1420 3183 serenatas

140 3225 281 3300 reddita,
306 3235 342 3291 ut
364 3230 480 3292 iterum
501 3267 540 3274 -
561 3267 600 3273 -—
624 3225 743 3312 religit
758 3225 892 3312 sracrz't«
915 3248 987 3291 cum
1011 3228 1101 3290 initio
1126 3227 1235 3310 capitis
1258 3225 1419 3289 undecimi

140 3337 306 3418 conspiret,
330 3337 475 3419 respexit.

234 3617 253 3685 ¹)
272 3616 384 3672 Diodor.
404 3618 472 3671 XIX.
485 3619 526 3672 72.
556 3619 632 3672 Cous.
648 3635 719 3686 quae
733 3617 890 3688 disputavit
904 3619 938 3672 dc
952 3621 1016 3672 tota
1029 3618 1083 3670 hac
1097 3617 1260 3686 quaestione
1275 3616 1418 3671 Clasonius

139 3705 204 3760 hist.
224 3705 303 3760 Rom.
322 3707 355 3760 Il.
375 3726 402 3776 p.
418 3709 460 3760 57.
481 3709 523 3761 58.

230 3795 251 3863 2)
271 3795 468 3850 Friedersdorf:
506 3797 555 3850 das
584 3798 626 3850 26.
645 3797 724 3851 Buch
755 3798 803 3850 des
822 3796 922 3850 Livius.
956 3797 1051 3865 Progr.
1076 3813 1200 3866 gymnas.
1229 3794 1416 3862 Marienburg.

142 3884 218 3937 1874.
237 3903 264 3953 p.
283 3886 322 3939 10.

232 3973 253 4042 ³)
272 3973 309 4028 Et
327 3974 386 4043 ipse
406 3976 437 4029 Ο.
454 3974 586 4028 Gillrert
597 3995 631 4028 us
651 3975 699 4043 qui
718 3977 751 4029 de
766 3977 787 4028 F
788 3975 970 4030 riedersdorfii
983 3975 1078 4029 libello
1090 3973 1236 4042 judicavit,
1255 3973 1296 4026 in:
1317 3973 1415 4026 Philol.

139 4063 275 4133 Anneiger
295 4063 364 4117 VIII.
383 4083 410 4133 p.
427 4064 484 4124 141,
514 4065 624 4118 notavit
646 4065 726 4118 'hunc
754 4082 881 4119 errorem.
919 4065 1096 4134 Quamquam
1123 4065 1245 4117 multum
1264 4063 1354 4126 abest,
1384 4067 1416 4115 ut

140 4150 259 4206 Gilberti
281 4152 369 4221 ipsius
393 4153 562 4206 sententiam
581 4154 710 4222 probem,
735 4154 782 4222 qui
802 4153 974 4224 argumentis
993 4172 1050 4208 non
1069 4153 1162 4207 allatis
1182 4151 1327 4206 Claudium
1346 4150 1416 4205 Livii

140 4245 288 4294 auctorum
306 4259 364 4296 esse
383 4246 486 4296 censet.

230 4331 251 4399 ⁴)
271 4331 302 4383 Π.
323 4332 365 4384 63.
385 4333 409 4385 3.
437 4331 483 4384 VI.
501 4333 525 4386 8.
546 4334 569 4384 7.
598 4331 643 4384 Vl.
664 4333 697 4384 32
727 4334 750 4386 6.
779 4332 849 4385 VIII.
872 4335 893 4387 l.
912 4334 938 4386 4.
967 4333 1063 4387 XXIII.
1082 4334 1126 4386 44.
1145 4333 1170 4385 4.

230 4420 250 4488 ⁵)
271 4419 424 4473 Welssin:
444 4420 599 4474 Antiochus
618 4438 672 4475 von
692 4419 809 4491 syracus
829 4439 867 4491 sq.
887 4441 914 4492 p.
931 4423 973 4476 64.

230 4509 443 4580 hstfflth
