3216 5082
650 293 867 352 ..33-

106 468 236 550 quibus
270 477 304 532 ut
337 489 431 552 supra
463 472 497 531 in
530 459 640 551 capite‘
658 467 740 530 XIII
773 468 925 536 ridImus,
957 468 1067 531 Iirius
1099 470 1257 532 interdurn
1289 470 1397 534 111111·ι

105 596 190 638 cum
215 577 256 638 ad
279 577 376 639 alium
399 578 512 639 transit
539 580 712 644 auctorem.
740 595 780 638 ne
807 577 941 659 singulis
970 576 1073 638 verbis
1098 579 1233 639 nimium
1256 575 1396 639 tribuere

103 684 233 765 ridear,
266 677 343 748 certi
375 684 495 767 aliquid
526 669 651 767 ponam.
707 683 773 746 Nec
811 686 939 746 maioris
976 687 1128 746 momenti
1160 704 1229 747 esse
1260 683 1395 747 arbitror

106 793 203 874 quod
226 795 262 854 in
284 775 478 876 paragrapho
501 795 593 855 tertia
617 793 737 854 decima
754 793 852 854 nostri
868 793 978 874 capitis
997 792 1187 854 adiectirum
1203 793 1396 854 multaticius

106 901 245 982 legitur,
269 921 366 984 quarn
390 919 499 963 vocem
523 900 671 982 Ungerus
699 908 783 962 certo
811 899 937 962 cuidam
965 902 1086 962 auctori
1108 899 1288 979 vindicat1).
1334 898 1396 962 Sed

106 1011 271 1091 quoniam
303 1014 395 1072 antea
427 1011 553 1092 saepius
586 1008 681 1091 largis
713 1028 893 1091 pugnarum
925 1006 1188 1090 descriptionibus
1220 1007 1316 1070 fidem
1344 1007 1397 1069 ab

104 1117 225 1196 rogavi
256 1114 386 1178 fortasse
414 1133 431 1177 e
458 1134 492 1178 re
525 1117 597 1194 erit,
630 1115 767 1176 breviter
798 1115 946 1176 adnotare
980 1133 1029 1177 res
1062 1115 1121 1176 hoe
1152 1116 1253 1197 capite
1283 1115 1397 1177 relatas

104 1224 315 1305 incorruptae
337 1224 478 1285 veritatis
507 1225 642 1306 speciem
669 1242 743 1305 prae
767 1242 800 1284 se
822 1222 903 1284 ferre
923 1232 953 1284 et
974 1222 1134 1285 Interdum
1161 1227 1225 1284 tam
1249 1221 1344 1285 breve
1367 1229 1397 1284 et

109 1331 313 1412 incomptum
337 1347 406 1391 esse
434 1348 537 1411 genus
570 1329 694 1391 dicendi
721 1337 757 1390 ut
784 1330 869 1411 Ipsos
898 1329 1027 1392 annales
1054 1330 1211 1391 maximos
1238 1335 1269 1391 te
1295 1329 1398 1411 legere

112 1436 267 1518 opineris,

204 1542 278 1604 Jam
300 1561 375 1604 vero
398 1544 425 1604 si
449 1546 668 1624 quaestionum
693 1563 774 1625 quae
796 1545 831 1604 in
851 1542 1006 1626 capitibus
1026 1543 1165 1605 24-26.
1188 1545 1227 1604 12
1247 1545 1396 1616 existunt,

110 1649 235 1710 nodum
251 1649 439 1732 expedirem
452 1670 516 1712 non
527 1651 643 1713 frustra
657 1669 708 1712 me
724 1649 762 1712 ad
779 1649 862 1711 hanc
877 1649 1122 1733 disputationem
1135 1652 1301 1714 accessisse
1316 1650 1397 1712 arbi-

111 1755 230 1816 trabor.
263 1754 354 1819 Patet
369 1759 454 1819 enim
473 1759 500 1818 si
515 1757 591 1820 haec
607 1759 709 1840 capita
727 1758 892 1840 diligenter
905 1759 1078 1841 perlustras
1094 1779 1158 1821 non
1177 1759 1257 1822 duos
1272 1764 1396 1822 tantum

110 1863 141 1922 in
167 1860 398 1925 conscribendo
420 1864 501 1926 libro
531 1865 651 1927 decimo
679 1866 845 1947 scriptores
869 1863 996 1927 Livium
1024 1865 1218 1947 adhibuisse,
1242 1866 1297 1928 sed
1324 1871 1395 1936 tres,

112 1974 273 2050 praeterea
300 1975 405 2032 autem
428 1971 506 2033 alios
532 1973 721 2055 inspexisse.
750 1991 886 2054 quorum
908 1974 1012 2035 varias
1039 1975 1234 2036 narrationes
1261 1971 1397 2035 breriter

115 2077 286 2139 adnotaret

203 2184 322 2247 Iterum
346 2190 450 2247 autem
474 2206 536 2268 quo
560 2187 628 2248 loeo
647 2189 748 2269 ipsius
764 2185 846 2248 Livii
864 2186 970 2250 verbis
993 2207 1070 2250 ansa
1084 2206 1196 2249 rerum
1212 2187 1395 2249 inveniendi

117 2289 187 2352 data
210 2299 257 2354 est
279 2291 318 2355 ab
342 2312 378 2355 eo
400 2295 528 2355 initium
551 2294 772 2377 disputationis
794 2295 914 2357 faciam.

203 2397 363 2482 Expositis
380 2400 496 2482 quibus
513 2401 708 2465 orationibus
724 2402 840 2464 Fabius
856 2400 1036 2484 Deciusque
1053 2405 1135 2464 inter
1151 2422 1184 2465 se
1200 2402 1396 2480 certaverint,

125 2523 199 2584 quae
212 2505 327 2568 Fabius
343 2507 430 2570 solus
447 2509 480 2568 in
499 2507 627 2571 Etruria
642 2512 739 2592 egerit
754 2507 864 2571 Livius
879 2529 972 2592 porro
989 2515 1095 2572 narrat
1110 2510 1245 2572 eundem
1262 2508 1396 2570 Fabium

124 2629 192 2673 vere
211 2616 310 2695 primo
333 2615 442 2678 relicta
470 2618 608 2679 secunda
636 2618 758 2700 legione
786 2616 825 2678 ad
849 2615 992 2678 Clusium
1020 2618 1259 2699 praepositoque
1286 2617 1396 2678 castris

120 2715 150 2779 L
174 2717 316 2803 Scipione
338 2742 396 2806 pro
419 2731 560 2805 praetore
583 2723 715 2786 Romam
743 2723 782 2784 ad
810 2722 1055 2785 consultandum
1079 2723 1117 2784 de
1144 2723 1226 2785 bello
1255 2723 1392 2786 rediisse.

117 2827 162 2887 Ac
177 2829 315 2909 primum
332 2830 528 2910 offendimur,
548 2830 632 2912 quod
649 2829 826 2891 secandum
845 2828 884 2890 ad
899 2827 1042 2892 Clusium
1062 2831 1227 2913 reIIquisse
1241 2831 1395 2912 legionem

115 2929 230 2995 Fabius
262 2935 390 3017 dicitur,
422 2957 496 2999 nam
531 2957 571 3000 err
605 2937 798 2999 antecedenti
831 2937 1010 2998 narratione
1042 2944 1169 3020 apparet
1200 2938 1335 3020 primam
1366 2945 1396 2999 et

118 3047 259 3121 quartam
283 3043 438 3125 legIonem
462 3064 535 3106 cum
558 3046 661 3128 Appio
689 3046 723 3106 in
747 3045 907 3106 Etruriam
935 3047 1106 3128 profectam
1134 3064 1216 3111 esse:
1249 3045 1288 3106 ad
1317 3065 1395 3126 quas

116 3149 140 3208 si
165 3155 314 3229 quattuor
336 3151 424 3213 milia
444 3153 584 3234 peditum
601 3158 631 3214 et
652 3158 809 3213 sescentos
833 3154 968 3234 equites,
987 3172 1059 3216 cum
1081 3152 1197 3236 quibus
1221 3151 1394 3214 secundum

113 3255 239 3316 initium
267 3258 377 3339 capitis
400 3257 496 3319 XXV
521 3259 637 3321 Fabius
660 3258 915 3341 proficiscebatur
942 3260 1107 3339 addideris,
1136 3269 1198 3322 tres
1227 3259 1393 3321 dumtaxat

113 3361 253 3444 legibnes
270 3361 431 3426 Romanae
454 3368 487 3426 in
511 3366 639 3428 Etruria
663 3375 758 3426 erant.
789 3365 904 3427 Tamen
930 3367 1067 3429 secunda
1090 3367 1157 3428 sola
1172 3385 1396 3428 commemora·

113 3473 164 3532 tur
191 3470 273 3552 legIo
302 3477 331 3533 et
359 3473 443 3554 quod
472 3472 582 3537 Livius
606 3475 750 3554 „castris‘·
774 3475 988 3556 praepositum
1020 3493 1088 3536 esse
1116 3472 1308 3556 Scipionem,
1331 3493 1394 3534 non

114 3578 271 3640 secundae
298 3579 415 3661 legioni
443 3580 551 3656 adIcit,
578 3580 654 3643 inde
681 3581 810 3661 colligas
834 3580 911 3642 alias
944 3581 1022 3642 duas
1045 3581 1185 3662 legiones
1213 3582 1246 3641 in
1275 3581 1393 3652 castris

115 3684 232 3767 quibus
261 3685 363 3769 Scipio
392 3695 546 3769 praeerat,
578 3689 688 3756 luisse,
722 3707 800 3770 quas
828 3688 887 3749 hac
919 3688 1043 3749 dicendi
1073 3689 1194 3750 ratione
1217 3709 1236 3749 a
1259 3688 1396 3750 secunda

114 3791 238 3873 legione
270 3800 447 3875 segregatas
480 3801 588 3857 auctor
615 3796 757 3856 voluerit.
803 3793 865 3856 Sed
892 3794 1017 3874 falleris,
1045 3797 1073 3857 si
1100 3795 1181 3857 hanc
1209 3797 1395 3858 sententiam

115 3898 236 3980 probas.
284 3898 391 3983 Capite
419 3903 503 3964 enim
527 3901 642 3964 XXVI
665 3902 740 3963 inde
764 3921 780 3962 a
805 3905 823 3981 ξ
850 3903 876 3962 7.
902 3920 964 3983 quo
992 3902 1060 3964 loco
1090 3909 1195 3964 noster
1223 3905 1337 3966 iterum
1361 3922 1395 3965 se

206 4180 231 4246 1)
250 4179 300 4233 Die
323 4187 390 4234 rom.
416 4181 530 4246 Quellen
558 4187 603 4236 111
626 4202 653 4252 p.
678 4185 719 4236 37.
745 4215 778 4223 -
802 4183 891 4236 Nimis
917 4202 1009 4252 presse
1032 4185 1250 4238 Weissenbornii
1269 4187 1393 4242 -1111,

116 4268 327 4324 adnotationem
349 4270 424 4324 illius
442 4272 494 4325 riri
516 4274 552 4325 ad
575 4291 635 4342 cap.
656 4273 690 4326 23
713 4276 737 4340 ξ.
760 4274 791 4326 13
810 4305 844 4312 -
863 4275 984 4344 vestigia
1006 4275 1076 4344 legit
1096 4275 1222 4344 Ungerus
1246 4294 1309 4329 cum
1329 4295 1392 4330 con-

116 4357 250 4420 tenderet,
270 4376 326 4411 non
346 4359 401 4412 nisi
420 4361 495 4428 apud
513 4361 622 4414 Livium
640 4361 694 4414 hoe
713 4361 881 4416 adiectivum
900 4362 964 4431 legi.
1002 4363 1144 4415 Invenitur
1162 4367 1306 4430 praeterea
1319 4366 1394 4433 apud

117 4446 237 4500 Plinium
259 4448 379 4501 XXXIII.
402 4451 423 4504 1.
447 4453 490 4503 19ε
511 4457 554 4514 „et
579 4469 642 4504 cum
666 4453 701 4504 ad
724 4452 753 4504 id
775 4453 895 4520 pecunia
917 4453 1032 4521 publica
1054 4471 1111 4506 nou
1134 4454 1338 4518 decerneretur,
1361 4472 1394 4508 ex

119 4540 258 4586 multatam
279 4537 346 4604 (scil.
367 4538 497 4609 pecunia)
516 4539 736 4594 faeneratoribus
756 4541 946 4594 condemnatis
965 4559 1025 4610 sqq.

1218 4652 1234 4704 3
