3216 5082
552 231 856 296 ---.·‘t5-

108 413 167 476 hus
194 419 340 476 terrorem
363 413 438 476 belli
461 413 587 476 Etrusci
611 415 760 485 auxisset,
788 413 918 475 Eabium
944 419 1112 476 retractum
1141 433 1208 476 esse
1236 413 1384 475 traditum

105 527 174 584 erat
202 527 294 604 atque
322 542 361 584 ex
391 527 574 604 argumento
600 523 694 605 Appii
722 523 871 584 orationis
900 522 985 604 quod
1013 522 1129 605 profert
1152 521 1261 584 Livius
1284 522 1385 583 mirus

105 629 210 693 elucet
221 649 392 693 consensus
409 649 481 693 cum
494 649 530 693 ea
545 635 633 713 parte
649 650 744 712 quam
761 649 855 712 supra
871 649 943 692 cum
959 629 997 692 de
1009 631 1109 712 capite
1121 629 1204 693 XXI
1220 630 1238 710 ξ
1257 629 1385 691 11-15

105 737 292 800 dissererem
319 735 440 800 Licinio
468 736 572 800 tribui.
619 736 702 799 Nam
730 756 803 799 cum
831 744 991 801 auctorem
1024 756 1117 820 quem
1146 739 1180 799 in
1215 737 1315 819 eapite
1344 736 1385 797 25

105 845 122 924 ξ
149 845 257 907 1-11
284 849 314 906 et
337 845 378 906 26
404 845 422 925 §
444 845 559 907 9-11.
596 843 705 908 Livius
729 851 855 908 secutus
879 850 933 926 est,
957 844 995 906 de
1017 865 1083 907 una
1105 849 1228 907 tantrmr
1252 845 1387 927 cogitare

104 951 279 1014 viderimus
303 952 367 1015 soil.
392 951 430 1015 de
453 951 541 1014 Eabii
564 953 695 1034 legione,
720 953 771 1014 hic
794 952 908 1015 diserte
931 952 1010 1015 duas
1027 952 1167 1035 Appium
1189 951 1329 1034 legiones
1351 951 1386 1012 in

104 1056 235 1121 Etruria
257 1060 425 1142 reliquisse
448 1065 479 1122 et
500 1060 608 1122 minus
633 1060 774 1142 quinque
796 1059 885 1121 milia
911 1059 1052 1142 peditum
1081 1059 1287 1141 equitumque
1314 1077 1386 1120 cum

105 1165 204 1228 Eabio
226 1169 351 1229 venisse
373 1168 542 1230 memoriae
565 1166 703 1246 mandat,
726 1172 763 1228 ut
786 1167 990 1229 coniunxisse
1014 1185 1088 1230 eum
1114 1167 1197 1228 inter
1220 1183 1253 1227 se
1280 1183 1387 1226 narra·

104 1274 224 1334 tionem
255 1292 321 1356 cap.
350 1272 434 1336 XXI
467 1274 485 1354 ξ
516 1273 645 1335 11-15
683 1279 713 1336 et
745 1294 809 1356 oap.
839 1273 937 1336 XXV
968 1273 1072 1335 l-ll
1108 1273 1210 1336 dicere
1247 1270 1385 1355 possisl).

107 1380 213 1461 Atque
237 1380 321 1462 quod
337 1382 460 1463 Appius
483 1382 676 1464 paragrapho
703 1383 742 1443 13
767 1382 866 1444 nostri
883 1383 992 1464 capitis
1009 1381 1084 1444 dicit
1099 1399 1164 1442 non
1180 1380 1387 1443 suffecturum

108 1487 218 1548 ducem
252 1507 354 1549 unum
393 1507 452 1550 neo
488 1489 659 1551 exercitum
694 1507 795 1550 unum
828 1493 936 1550 contra
969 1491 1117 1570 quattuor
1148 1487 1280 1570 populos
1312 1487 1388 1548 haec

107 1593 202 1656 verba
229 1614 288 1658 nos
316 1596 481 1658 remittunt
508 1596 621 1658 iterum
646 1595 685 1657 ad
714 1601 808 1678 caput
829 1593 913 1657 XXI
937 1615 999 1678 qno
1028 1596 1046 1675 ξ
1073 1595 1113 1657 14
1136 1595 1263 1677 legitur:
1291 1593 1388 1657 fixisse

107 1705 229 1764 tantum
261 1700 378 1765 bellum
407 1708 443 1765 ut
470 1722 528 1765 neo
551 1703 630 1766 duce
658 1722 722 1765 uno
750 1721 809 1766 neo
840 1703 981 1765 exercitu
1007 1703 1074 1784 geri
1106 1701 1248 1785 potuerit.
1295 1699 1387 1762 Adde

110 1808 191 1889 quod
215 1827 257 1870 ex
280 1807 369 1872 Decii
392 1809 496 1873 verbis
520 1815 556 1872 ut
579 1810 685 1873 omnia
707 1812 830 1894 integra
845 1809 941 1872 Eabic
965 1815 1166 1872 servarentur
1189 1814 1219 1872 et
1242 1828 1282 1872 ex
1299 1806 1387 1871 Fabii

113 1916 248 1978 oratione
273 1935 353 1998 quae
375 1917 491 2001 legitur
512 1919 603 1980 initio
627 1919 736 2001 eapitis
761 1918 802 1979 26
827 1917 995 2000 sequitat)
1023 1918 1108 1979 hunc
1132 1923 1290 1980 auctorem
1314 1934 1387 1977 con-

111 2024 288 2104 tentionem,
316 2044 398 2107 quae
420 2030 546 2108 propter
577 2026 773 2108 provinciam
801 2024 897 2087 Eabio
930 2031 1019 2087 extra
1050 2023 1192 2087 ordinem
1227 2023 1384 2086 decretam

114 2131 237 2211 exarsit,
260 2150 353 2194 nosse
376 2151 441 2193 non
464 2131 574 2212 videri,
598 2132 652 2194 sed
675 2133 780 2215 potius
803 2135 890 2194 sorte
913 2131 1008 2196 Eabio
1032 2133 1191 2196 Etruriam
1216 2128 1389 2208 obvenisse,

113 2235 204 2301 Decio
221 2238 385 2303 Samnium
407 2259 551 2303 narrasse
571 2240 746 2325 putandum
768 2261 842 2304 esse.
889 2239 937 2303 De
952 2240 1041 2304 Fabii
1062 2240 1201 2303 oratione
1218 2255 1387 2320 quaecum

115 2346 263 2425 prioribus
286 2367 414 2430 prorsus
439 2349 593 2410 consentit
616 2367 679 2410 non
704 2348 812 2430 habeo,
837 2348 920 2431 quod
945 2349 1066 2410 addam.
1466 2329 1471 2338 ¹

198 2452 353 2527 Quoniam
375 2455 473 2538 igitur
496 2456 552 2519 has
575 2456 654 2518 duas
679 2493 719 2500 υ
744 2457 818 2518 inde
835 2476 852 2518 a
869 2457 968 2539 capite
985 2453 1267 2517 XXIV-XXVI.
1287 2454 1325 2515 11
1345 2489 1387 2496 -

122 2562 296 2623 narrationis
319 2567 423 2644 partes
447 2561 590 2644 distinxi,
615 2568 711 2625 restat
733 2570 769 2625 ut
792 2562 929 2625 breviter
952 2561 1108 2644 disputem
1132 2560 1171 2622 de
1186 2559 1388 2643 paragraphis

119 2664 195 2727 5-7
219 2669 328 2750 capitis
351 2666 467 2730 XXVI
490 2689 569 2751 quas
597 2670 699 2731 adhue
728 2689 789 2731 non
820 2670 951 2751 respexi.
999 2667 1094 2750 Apud
1123 2665 1275 2749 quosdam
1304 2666 1388 2726 enim

115 2773 195 2836 nulla
229 2774 322 2837 sortis
350 2776 583 2858 provinciarum
612 2777 855 2858 certaminisque
882 2777 964 2837 inter
992 2774 1136 2836 consules
1163 2773 1281 2835 mentio
1308 2771 1389 2833 iacta

113 2889 173 2942 erat
196 2885 228 2942 et
250 2881 406 2965 extemplo
431 2883 614 2964 magistratu
638 2883 717 2944 inito
740 2884 775 2944 in
791 2882 950 2944 Etruriam
968 2881 1112 2943 consules
1132 2880 1262 2961 profecti
1281 2898 1388 2940 nana

112 2985 230 3051 bantur.
277 2988 321 3050 Hi
353 2992 519 3073 scriptores
552 2992 619 3052 sine
648 2991 713 3053 ullo
746 2991 841 3053 <lubio
870 2991 1062 3072 antiquiores
1091 2993 1187 3054 erant.
1215 2988 1320 3050 nescio
1348 3006 1387 3047 an

112 3095 210 3158 eidem
234 3115 313 3178 quos
336 3094 445 3158 Livius
469 3103 499 3158 et
522 3097 552 3157 in
580 3115 643 3178 cap.
670 3098 687 3155 5
714 3103 731 3174 ς’
758 3099 797 3158 13
823 3105 895 3160 ante
919 3096 1025 3158 oculos
1055 3094 1194 3157 habebat.
1242 3092 1302 3156 Sed
1330 3094 1389 3176 hac

111 3201 242 3265 fontium
272 3203 450 3266 diversitate
478 3203 625 3265 adnotata
647 3223 711 3266 non
741 3211 905 3267 contentus
934 3210 1096 3284 tamquam
1124 3207 1160 3263 ut
1186 3201 1260 3262 huie
1287 3202 1389 3262 incor-

112 3318 202 3394 rupto
228 3313 391 3374 annalium
415 3313 522 3394 generi
547 3313 623 3375 alios
646 3314 818 3375 mendaciis
842 3313 1029 3395 scriptorum
1050 3309 1231 3372 obscuratos
1255 3314 1389 3390 opponat

111 3420 263 3501 quosdam
286 3439 353 3482 esse
377 3421 460 3501 dicit,
485 3420 600 3504 quibus
624 3440 664 3481 ne
687 3421 764 3483 haec
787 3421 916 3502 quidem
939 3419 1109 3481 certamina
1132 3434 1289 3499 exponere
1312 3416 1388 3477 salis

109 3528 209 3592 fuerit
258 3527 336 3591 Ourn
366 3531 451 3591 enirn
479 3535 587 3592 auctor
615 3531 666 3592 oui
693 3529 904 3613 paragraphos
935 3529 1063 3589 13-18
1093 3545 1156 3608 cap.
1183 3525 1223 3585 25
1248 3529 1278 3586 et
1304 3524 1388 3584 1-4

111 3655 176 3720 cap.
203 3637 245 3698 26
279 3638 524 3718 vindicavimus,
552 3637 691 3720 Appium
724 3636 973 3718 magnitudinem
1005 3639 1128 3696 tantum
1159 3631 1234 3693 belli
1265 3629 1390 3691 Etrusci

110 3749 275 3828 augentem
304 3751 334 3806 et
361 3745 419 3806 hac
451 3746 571 3806 ratione
603 3742 736 3805 Eabium
765 3763 805 3804 ex
832 3740 959 3804 Etrruia
991 3741 1198 3803 retrahentem
1227 3739 1332 3818 faciat,
1360 3739 1387 3800 is

111 3869 202 3932 quem
228 3850 377 3912 hocloco
401 3852 539 3933 inspexit
562 3848 670 3912 Livius
694 3851 928 3912 criminationes
951 3849 1046 3931 Appii
1076 3848 1113 3910 de
1136 3845 1232 3908 Eabio
1261 3845 1388 3908 absente

201 4151 225 4218 l)
246 4150 320 4202 ldem
337 4170 368 4206 ex
384 4153 477 4221 capite
491 4152 560 4219 215
575 4150 663 4203 5-10
682 4165 810 4202 emanare
820 4149 937 4212 videtur,
957 4151 1003 4204 sed
1017 4149 1213 4218 progrediente
1227 4147 1388 4202 narratione

113 4240 179 4294 duas
198 4241 285 4310 Appii
304 4241 427 4311 legiones
446 4245 544 4294 auctor
564 4240 679 4304 omittit,
700 4246 729 4294 et
748 4242 781 4296 de
801 4259 856 4294 una
874 4245 986 4295 tanturn
1005 4239 1121 4309 cogitat.

200 4332 226 4400 2)
246 4331 308 4384 Non
328 4332 458 4386 omittam
467 4331 645 4401 paragrapho
664 4331 756 4400 prima
775 4349 835 4400 cap.
847 4333 889 4385 26.
909 4332 1025 4385 Fabium
1044 4330 1099 4383 diei
1109 4335 1219 4381 mediam
1234 4329 1388 4384 orationem

115 4419 149 4472 ud
167 4419 303 4487 populum
322 4420 460 4474 habuisse.
499 4421 575 4472 Idem
594 4419 695 4472 Fabius
715 4437 776 4488 cap.
797 4421 829 4472 15
849 4425 865 4489 ξ
884 4422 914 4474 10
935 4425 1017 4470 aredio
1038 4418 1163 4472 oratione
1187 4418 1280 4472 studia
1303 4419 1388 4471 homi-

115 4527 179 4565 num
198 4510 311 4568 sedavit.
332 4510 490 4566 Tribuimus
509 4527 593 4584 supra
612 4509 701 4566 eidem
720 4509 791 4566 t'onti
811 4510 907 4582 capita
928 4511 1029 4564 15-17
1049 4513 1065 4578 ᾖ
1087 4511 1126 4564 10.

1198 4615 1229 4672 3*
