3216 5082
731 249 930 309 ..3-

187 425 252 488 illis
276 424 404 508 quidem
427 425 465 488 de
488 427 617 488 historia
640 424 783 488 Romana
806 423 984 504 annalibus,
1007 424 1148 488 destituti
1164 445 1276 488 sumus
1292 427 1348 508 qni
1363 430 1470 489 tamen

189 551 226 594 eo
241 532 367 614 majoris
383 533 535 595 momenti
551 536 634 612 sunt,
653 531 737 615 quod
753 532 889 614 speciem
907 532 1069 594 vetustatis
1084 551 1141 614 pra
1157 550 1191 594 se
1206 531 1318 594 fenmt
1348 529 1409 595 Sed
1422 532 1470 594 illi

189 638 440 701 testimoniorum
463 638 598 700 aliorum
619 638 770 720 paucitati
794 643 889 720 atque
911 637 1057 699 tenuitati
1073 637 1135 698 alia
1150 636 1271 699 ratione
1287 655 1470 700 succurrere

188 745 304 808 studui.
350 745 446 809 Totus
470 747 556 809 enim
579 764 689 809 eorum
712 744 888 828 adstipulor
915 745 1101 825 sententiae,
1126 745 1182 826 qui
1202 741 1328 808 Livium
1353 745 1470 829 quippe

189 853 244 937 qui
268 872 348 916 onus
372 852 547 917 cervicibus
571 853 779 936 imposuisset,
803 850 862 915 sub
880 871 942 935 quo
961 852 1025 915 fere
1041 852 1226 936 concideret,
1249 853 1294 914 ita
1308 853 1470 935 inprimis

188 959 360 1025 decadibus
388 961 529 1024 fontibus
556 980 652 1024 usum
679 979 747 1024 esse
771 964 913 1041 censent,
940 966 978 1023 ut
1004 959 1164 1023 interdum
1192 961 1287 1022 etiam
1315 961 1470 1023 sermonis

186 1071 391 1153 proprietates
415 1070 551 1132 auctoris
576 1069 709 1132 alicuius
729 1085 917 1151 cognoscere
931 1069 1098 1151 possimne,
1122 1057 1316 1150 quamquam
1331 1068 1469 1130 multum

187 1174 288 1260 abest,
321 1182 357 1239 ut
385 1174 419 1239 Ο.
450 1173 590 1238 Gilberto
618 1171 777 1238 adsentiar
805 1175 860 1257 qui
891 1175 983 1257 quasi
1009 1175 1044 1236 in
1073 1174 1258 1236 servitutem
1287 1173 1468 1238 auctoribus

185 1279 314 1344 Livium
342 1300 376 1344 se
405 1281 565 1345 addixisse
593 1282 740 1365 opinatur
749 1279 770 1361 ¹)
820 1279 974 1344 Nostrum
1006 1280 1104 1363 igitur
1136 1285 1202 1342 erat
1230 1279 1470 1363 diligentissime

183 1407 366 1452 sennonem
396 1389 510 1452 decimi
537 1388 610 1452 libri
638 1387 805 1452 observare
833 1393 958 1452 etcum
983 1387 1053 1451 aliis
1075 1385 1158 1450 Livii
1181 1388 1258 1451 locis
1281 1407 1469 1472 comparare.

189 1495 291 1572 Quam
321 1497 406 1560 viam
434 1498 513 1560 mihi
545 1501 812 1580 praemonstrasse
834 1498 1001 1581 praecipue
1027 1493 1247 1578 Wdlflinium,
1277 1497 1332 1578 qui
1353 1499 1470 1560 iterum

185 1602 397 1688 iterumque2)
430 1610 467 1668 ut
501 1604 540 1667 ad
575 1605 658 1667 hanc
694 1604 796 1667 fontes
829 1604 1001 1687 indagandi
1034 1604 1189 1666 rationem
1222 1604 1284 1666 viri
1317 1605 1402 1668 docti
1436 1622 1470 1668 se

187 1713 393 1796 applicarent,
417 1713 535 1794 docuit,
559 1711 765 1776 libentissime
787 1712 894 1794 fateor,
918 1731 993 1775 nam
1015 1713 1159 1794 ingratus
1183 1729 1292 1794 essem,
1316 1713 1344 1775 si
1368 1733 1469 1796 quan-

186 1824 255 1882 tum
281 1819 368 1882 illius
396 1819 457 1882 viri
485 1818 756 1882 observationibus
784 1817 983 1903 profecerim,
1015 1823 1159 1881 tacerem.
1211 1815 1368 1892 Quoniam
1395 1837 1470 1882 vero

186 1927 313 1991 lexicon
340 1925 510 1990 livianum
537 1926 681 1990 nondum
708 1925 827 2010 publici
851 1927 933 2008 juris
960 1925 1078 1988 factum
1106 1930 1165 2006 est,
1190 1943 1321 1988 necesse
1347 1931 1406 2008 est,
1433 1932 1470 1991 ut

187 2037 369 2120 quicunque
392 2036 451 2099 hac
470 2036 591 2099 ratione
607 2036 684 2098 certi
700 2034 820 2118 aliquid
835 2015 976 2117 proferre
988 2033 1067 2113 vult,
1083 2037 1185 2096 toturn
1200 2029 1328 2096 livium
1343 2051 1470 2098 accura-

183 2145 306 2206 tissime
332 2145 452 2228 pluries
479 2149 661 2227 pertractet,
690 2161 771 2226 quae
798 2161 848 2206 res
875 2141 961 2204 haud
989 2142 1079 2224 parri
1107 2145 1154 2203 est
1180 2141 1299 2224 negotii
1326 2146 1357 2204 et
1380 2142 1470 2226 longi

184 2252 342 2336 temporis.
393 2250 559 2314 Praeterea
591 2256 696 2314 autem
728 2251 853 2334 saepius
886 2249 1024 2332 legentes
1057 2249 1097 2312 ad
1130 2267 1181 2312 eas
1215 2249 1317 2332 operis
1344 2247 1469 2313 Liviani

185 2363 291 2442 partes
317 2358 476 2443 relegabo,
505 2377 585 2443 quae
613 2360 682 2422 sine
708 2359 775 2421 ullo
804 2356 898 2420 dubio
923 2356 961 2419 ad
985 2361 1106 2420 certum
1130 2355 1287 2440 quendam
1310 2363 1469 2423 auctorem

188 2459 297 2528 referri
327 2471 465 2550 possrmt
520 2464 590 2530 Hae
626 2467 725 2552 igitur
757 2471 849 2529 erunt
880 2467 1031 2547 rationes,
1065 2465 1105 2528 ad
1134 2485 1213 2549 quas
1240 2469 1339 2528 totam
1365 2484 1469 2529 meam

189 2571 428 2657 disputationem
452 2573 612 2638 revocabo.

279 2856 298 2926 ¹)
315 2853 394 2911 Geni.
421 2855 452 2910 Ο.
473 2854 590 2909 Gilherti
616 2854 731 2909 librum:
759 2855 830 2908 Rom
853 2854 911 2908 und
933 2853 1087 2923 Karthago.
1129 2853 1244 2924 Leipzig
1269 2853 1337 2908 1876
1359 2873 1387 2924 p.
1409 2855 1467 2910 185.

186 2942 291 2998 Contra
312 2960 377 2998 eum
400 2942 539 3012 disputat,
565 2942 613 3012 qui
637 2944 670 2997 de
693 2944 747 2997 hoc
765 2942 836 2997 libro
852 2941 991 3011 judicavit
1009 2941 1051 2995 in:
1074 2940 1212 3012 Philolog.
1237 2942 1374 3014 Anaeiger
1395 2943 1466 2998 VHI.

185 3051 212 3103 p.
233 3033 293 3087 155.
315 3033 373 3088 163.
393 3065 424 3073 -
446 3033 531 3099 Sunt,
551 3033 600 3102 qui
618 3051 653 3088 ne
672 3033 743 3087 Livii
761 3032 838 3086 laudi
856 3033 1021 3097 detrectent,
1041 3030 1071 3084 in
1090 3030 1147 3084 alia
1164 3035 1309 3086 versentur
1328 3032 1467 3102 opinione.

188 3120 307 3175 Censent
326 3120 401 3175 enim
419 3139 477 3174 non
495 3139 582 3175 unum
601 3120 777 3190 exscripsisse
797 3119 913 3186 Livium,
934 3121 981 3174 sed
1000 3119 1156 3189 complures
1173 3119 1324 3189 perlegisse
1340 3124 1467 3176 auctore·

188 3213 217 3263 et
240 3223 311 3278 quae
330 3209 448 3280 quisque
466 3211 500 3264 de
519 3227 688 3280 unaquaque
706 3227 736 3264 re
756 3209 927 3274 tradidisset,
952 3212 1045 3264 mente
1063 3208 1094 3262 in
1112 3225 1200 3263 unum
1219 3210 1466 3279 comprehendisse.

188 3297 229 3354 De
247 3299 300 3354 hac
318 3318 347 3355 re
367 3300 473 3370 optima
491 3299 601 3354 dissent
619 3299 764 3354 Nissenus:
784 3298 881 3354 Rheiu.
900 3299 970 3353 Mus.
990 3300 1032 3353 27.
1051 3318 1079 3369 p.
1100 3300 1160 3354 540.

278 3387 300 3456 2)
320 3387 397 3442 Conf.
418 3387 669 3442 commentationes
688 3388 717 3442 in
736 3389 870 3442 honorem
888 3387 1054 3442 Mommseni
1071 3406 1099 3458 p.
1120 3387 1184 3452 337;
1203 3387 1352 3458 praecipue
1372 3392 1467 3444 antem

185 3474 214 3528 in
233 3474 316 3530 libro:
335 3475 492 3530 Antiochus
511 3493 565 3530 von
585 3475 702 3546 Syracus
721 3477 779 3530 und
798 3475 907 3531 Coelius
921 3475 1080 3546 Antipater.
1108 3475 1286 3530 Winterthur
1306 3477 1374 3532 1872
1392 3477 1466 3532 hanc

184 3563 323 3618 rationem
341 3563 554 3618 commendavit.
