3134 5082
618 293 837 356 ,59-

176 471 249 534 Jam
271 477 469 535 transeamus
493 472 531 534 ad
549 470 706 553 Orosium,
731 474 786 554 qui
810 493 1004 556 quamquam
1026 473 1061 534 in
1077 473 1147 536 aliis
1162 491 1269 556 presse
1283 467 1367 535 Livii

74 581 219 662 vestigia
240 561 354 662 legisse
377 579 511 659 videtur,
534 585 638 642 tamen
663 581 695 641 in
721 580 790 642 aliis
814 581 857 642 ita
881 580 920 642 ab
943 599 980 642 eo
1002 579 1128 661 recedit,
1153 585 1187 642 ut
1209 581 1367 642 contraria

76 691 182 768 atque
204 684 313 749 Livius
340 687 461 749 referat.
513 685 611 749 Ouius
638 688 684 749 rei
712 691 820 749 utrum
848 705 943 750 causa
971 704 1012 750 011
1038 688 1163 750 incuria
1192 685 1297 749 Orosii
1326 705 1367 748 au

75 813 121 856 ex
159 794 220 857 alio
253 800 379 858 auctore
411 794 577 878 adsumpto
612 794 781 878 repetenda
813 795 866 875 sit,
899 813 940 856 011
973 795 1117 877 sequenti
1151 794 1367 877 disputatione

76 901 254 986 apparebit
306 901 414 985 Capite
438 904 478 966 21
512 902 586 965 libri
618 904 701 966 tertii
730 900 861 965 Orosius
890 902 928 965 de
954 922 1063 985 pugna
1090 901 1245 965 Sentinati
1273 905 1367 984 atque

76 1008 263 1092 pestilentia
292 993 328 1070 00
356 1028 439 1071 anno
462 1008 596 1071 Romam
624 1013 735 1071 urente
763 1010 827 1091 agit
850 1013 944 1091 atque
966 1009 1001 1070 in
1025 1027 1062 1070 ea
1085 1007 1213 1091 quidem
1236 1026 1271 1069 re
1294 1025 1366 1069 cum

79 1111 178 1176 Livio
203 1097 319 1197 optime
342 1115 506 1196 consentit,
531 1114 616 1198 qnod
639 1113 788 1177 Etruscos
813 1113 1014 1197 Umbrosque
1036 1133 1162 1197 pugnae
1184 1133 1249 1176 non
1272 1115 1367 1176 inter-

78 1221 186 1284 fuisse
210 1221 293 1303 dicit,
317 1222 372 1285 sed
386 1220 513 1285 Livium
536 1225 580 1285 ita
603 1223 694 1306 quasi
719 1223 846 1305 corrigit
868 1227 899 1284 et
921 1222 1054 1304 supplet,
1076 1226 1113 1284 ut
1129 1226 1158 1284 et
1174 1220 1367 1284 Umbrorum

76 1328 164 1392 fines
186 1327 345 1393 Romanos
369 1330 572 1414 depopulatos
596 1335 702 1392 narret
726 1336 756 1392 et
778 1331 838 1393 hae
859 1331 981 1392 ratione
1004 1348 1150 1411 oausam,
1174 1349 1231 1392 cur
1253 1328 1367 1392 Umbri

79 1437 257 1519 abfuerint,
281 1437 400 1518 afferat3
429 1459 487 1502 nos
512 1444 617 1501 autem
640 1439 721 1500 hanc
745 1457 873 1500 causam
897 1437 936 1500 de
959 1435 1042 1500 Livii
1064 1439 1245 1500 narratione
1268 1437 1367 1500 disse·

78 1549 191 1607 rentes
218 1563 283 1606 non
310 1546 373 1608 0101
401 1545 580 1608 coniectura
608 1545 744 1607 assecuti
771 1563 891 1606 sumus.
938 1542 1069 1606 Accedit
1092 1542 1154 1604 alia
1176 1543 1366 1606 narrationis

78 1649 236 1714 Livianae
260 1657 290 1714 et
306 1649 478 1714 Orosianae
501 1651 674 1732 diversitas,
699 1669 780 1732 quae
797 1669 991 1733 quamquam
1010 1669 1076 1712 una
1090 1649 1203 1711 vocula
1219 1647 1368 1731 »absque«

78 1760 276 1841 continetur,
305 1764 410 1822 tamen
433 1760 512 1821 tanti
536 1764 582 1822 est
604 1758 766 1842 ponderis,
794 1763 830 1820 ut
852 1757 980 1820 livium
1002 1759 1122 1841 ipsum,
1146 1758 1268 1820 etiamsi
1293 1775 1366 1820 eum

82 1866 209 1948 laudat,
237 1869 414 1950 inspexisse
442 1865 574 1930 Orosius
602 1885 667 1929 non
695 1867 736 1928 sit
762 1866 930 1949 putandus.
981 1863 1064 1928 Nam
1087 1864 1197 1929 Livius
1225 1873 1261 1928 ut
1290 1885 1366 1948 quo-

80 1972 222 2036 rundam
257 1979 420 2037 auctorum
455 1993 642 2057 permagnos
677 1991 826 2035 numeros
862 1973 1009 2054 explicet,
1044 1990 1138 2054 opera
1167 1971 1239 2034 data
1274 1971 1367 2034 adicit

83 2079 226 2144 Umbros
249 2081 430 2164 Tuscosque
453 2080 492 2144 ab
516 2083 560 2144 eis
584 2079 727 2144 hostibus
751 2099 819 2143 esse
844 2085 1081 2162 annumeratos,
1106 2077 1236 2143 Orosius
1261 2085 1366 2142 autem

83 2207 282 2271 quamquam
306 2188 430 2251 eosdem
453 2188 586 2272 populos
609 2207 674 2250 non
697 2188 730 2248 in
755 2205 863 2270 pugna
885 2187 982 2249 fuisse
1006 2186 1090 2267 dicit,
1112 2191 1218 2248 tamen
1240 2186 1366 2248 eosdem

80 2295 227 2379 perbibet
263 2315 419 2359 numeros.
470 2294 531 2359 Sed
568 2295 744 2358 absolvitur
771 2313 822 2358 res
847 2295 939 2358 initio
967 2295 1077 2378 capitis
1102 2294 1159 2372 21,
1199 2291 1255 2356 nbi
1287 2294 1364 2356 haec

81 2403 247 2486 leguntur:
281 2422 435 2486 »namque
458 2400 602 2465 Etrusci
629 2400 752 2466 Umbri
773 2399 944 2467 Samnites
966 2408 997 2466 et
1026 2399 1124 2465 Galli
1146 2420 1211 2464 uno
1240 2402 1366 2484 agmine

83 2511 300 2593 conspirantes
315 2509 474 2572 Romanos
498 2509 601 2572 delere
624 2511 729 2572 conati
752 2515 849 2573 sunt«
885 2508 973 2572 Idem
996 2509 1094 2591 igitur
1115 2506 1207 2570 nobis
1231 2509 1366 2571 occurrit

85 2617 162 2680 ordo
186 2618 392 2703 populorum,
422 2635 516 2700 quern
539 2623 570 2680 et
592 2619 626 2680 in
648 2618 734 2680 fonte
750 2617 835 2680 Flori
858 2619 954 2680 statui
977 2622 1008 2679 et
1032 2617 1087 2699 qui
1110 2616 1194 2699 apud
1217 2616 1366 2700 epitoma

83 2729 185 2786 torem
207 2724 330 2807 legitur,
354 2743 412 2786 nec
435 2725 522 2806 parvi
539 2726 691 2786 momenti
707 2743 775 2786 esse
791 2724 946 2803 0111011100,
964 2723 1048 2805 quod
1064 2725 1194 2786 ineunte
1211 2724 1310 2806 capite
1324 2723 1364 2785 12

84 2837 176 2892 tenor
200 2831 387 2892 narrationis
411 2829 556 2892 Floriana
579 2831 612 2891 in
636 2830 722 2892 hunc
745 2829 874 2892 modum
897 2849 970 2892 oum
995 2827 1105 2891 Orosio
1130 2831 1298 2892 consent't:

248 3004 345 3058 Florus
365 3022 424 3075 cap.
443 3006 484 3060 12.
505 3006 532 3058 11
912 3003 1025 3058 Orosius
1044 3005 1090 3058 111.
1113 3005 1155 3058 21.
1177 2964 1204 3058 11

87 3109 343 3165 ....Samnitium
374 3111 476 3180 reliqui
502 3111 532 3164 in
560 3111 697 3165 excidium
753 3111 1105 3181 ...quattuor...populi
1122 3111 1152 3164 in
1167 3129 1255 3165 unum
1269 3131 1365 3178 agmen

87 3201 206 3253 Romani
237 3198 358 3254 nominis
390 3204 505 3270 repente
540 3201 696 3255 coniurant.
751 3201 902 3271 foedusque
927 3201 1061 3256 coierunt.
1102 3199 1230 3269 Namque
1253 3199 1364 3254 Etrusci

88 3289 156 3342 Late
183 3305 233 3358 per
260 3287 401 3367 Etruriam
429 3289 533 3344 infesta
561 3294 697 3358 quattuor
750 3291 849 3346 Umbri
872 3289 1011 3345 Samnites
1034 3295 1063 3344 et
1083 3289 1155 3343 Galli
1178 3308 1235 3344 uno
1258 3296 1364 3356 agmine

178 3383 316 3444 agminum
335 3378 416 3448 signa
433 3378 600 3433 volitabant.
751 3379 944 3449 conspirantes
972 3379 1112 3433 Romanos
1145 3379 1236 3432 delere
1269 3377 1364 3432 conati

1022 3470 1095 3522 sunt.

174 3629 260 3705 Quae
297 3636 402 3694 autem
439 3633 539 3716 capite
574 3634 785 3716 010111100-
812 3633 852 3694 22
878 3669 919 3676 -
944 3633 1159 3713 eontinentur,
1197 3650 1233 3694 ea
1264 3648 1362 3714 paene

88 3738 163 3800 nihil
190 3739 352 3820 exhibent,
382 3741 465 3822 equod
493 3742 595 3803 lucem
626 3741 785 3823 quandam
813 3741 852 3802 ad
876 3745 998 3803 nostras
1022 3741 1223 3822 quaestiones
1247 3738 1362 3818 afferat,

88 3846 147 3908 nisi
173 3848 455 3928 narratiunculam,
490 3869 585 3930 quarn
614 3847 744 3911 Orosius
778 3848 816 3910 de
851 3848 986 3931 pullario
1018 3866 1164 3931 perverse
1193 3847 1363 3909 memoriae

88 3953 198 4036 prodit,
226 3954 379 4016 indicium
408 3954 657 4018 esse-arbitreris
684 3954 831 4018 Orosium
854 3953 979 4017 Livium
1004 3956 1109 4037 ipsum
1133 3955 1191 4016 bac
1219 3955 1251 4014 10
1275 3958 1363 4036 parte

89 4079 150 4122 non
187 4058 374 4123 adhibuisse.
429 4061 481 4122 Ad
513 4062 647 4124 eandem
678 4063 775 4144 igitur
806 4062 935 4144 perveni
968 4061 1169 4140 sententiam,
1191 4075 1301 4142 'qnam
1334 4060 1362 4120 is

91 4168 143 4251 qui
164 4168 332 4232 editionem
353 4167 597 4251 Zangemeisteri
619 4169 772 4230 indicavit
793 4168 953 4251 professus
977 4167 1069 4243 001111
1093 4165 1256 4248 »Dagegen
1279 4163 1363 4227 stellt

90 4274 151 4335 sich
174 4273 317 4336 definitiv
340 4274 464 4354 berane,
488 4274 559 4338 dass
585 4273 714 4337 Orosius
738 4275 827 4337 nicht
848 4273 959 4336 Livius
983 4272 1080 4335 selbst
1104 4271 1274 4334 henoteta«

176 4558 194 4627 ¹)
213 4557 241 4611 F.
262 4557 354 4612 11101
384 4557 720 4614 1111101012001101111011
741 4557 808 4611 1882
829 4575 856 4626 p.
874 4556 934 4610 380.
