3216 5082
354 1463 423 1573 lle
461 1459 643 1572 decimi
681 1458 817 1572 Livii
854 1457 975 1570 libri
1012 1457 1251 1571 fontibus.

701 1732 913 1740 ———-—-

259 1907 364 1972 Hodie
396 1910 424 1972 si
452 1909 524 1991 quis
552 1909 586 1970 in
613 1907 715 1972 fontes
742 1910 862 1992 primae
890 1908 1014 1971 decadis
1041 1906 1124 1970 Livii
1150 1907 1361 1989 inquisiturus
1379 1910 1448 1986 est,
1480 1918 1483 1922 ’

170 2022 242 2077 ante
271 2016 377 2077 omnia
404 2016 433 2077 ei
461 2021 508 2077 est
530 2014 756 2098 profitendum,
785 2015 860 2097 quid
886 2014 924 2076 de
947 2013 984 2076 K.
1001 2013 1051 2075 W.
1074 2012 1228 2074 Nitaschii
1250 2011 1330 2074 libro
1355 2031 1449 2094 quem

168 2121 220 2183 hic
251 2121 301 2182 vir
332 2121 567 2184 illustrissimus
600 2120 639 2184 de
671 2123 858 2205 scriptorum
889 2120 1104 2183 Romanorum
1137 2117 1304 2181 annalibus
1331 2118 1405 2180 inde
1432 2137 1451 2180 a

168 2227 278 2310 primis
306 2228 406 2289 initiis
434 2246 536 2310 usque
565 2226 605 2288 ad
628 2226 792 2290 Valerium
816 2227 976 2289 Antiatem
1006 2225 1180 2309 composuit
1190 2223 1221 2306 1),
1244 2223 1371 2305 judicet
1417 2222 1450 2286 Is

170 2334 255 2395 enim
278 2333 501 2415 gravissimum
525 2335 663 2416 suscepit
685 2352 802 2395 munus
831 2334 913 2396 inter
936 2351 970 2395 se
993 2331 1195 2415 comparandi
1217 2329 1300 2392 Livii
1323 2328 1449 2392 311113-

171 2439 256 2518 nysii
285 2437 395 2518 libros,
424 2438 539 2522 quibus
568 2439 698 2502 historia
724 2438 867 2501 Romana
895 2457 1051 2500 annorum
1077 2437 1251 2499 245-311
1277 2457 1307 2500 u.
1328 2455 1352 2499 c.
1377 2455 1451 2498 con-

172 2546 301 2624 tinetur,
329 2550 423 2628 atque
446 2545 568 2608 duobus
591 2546 791 2628 potissimum
819 2545 946 2608 indiciis
965 2544 1125 2625 stabilivit,
1150 2562 1230 2627 quae
1245 2545 1349 2627 priore
1364 2543 1451 2606 illius

170 2649 244 2712 libri
266 2656 354 2732 pa1tc
363 2648 385 2730 2)
410 2653 552 2734 exponit:
578 2653 766 2734 cognomina
789 2653 872 2714 enim
896 2654 929 2714 in
955 2651 1146 2734 quibusdam
1169 2651 1299 2713 secundi
1322 2655 1353 2712 et
1368 2651 1452 2712 tertii

170 2755 254 2820 Livii
276 2756 381 2836 libri3)
413 2757 556 2840 partibus
579 2760 801 2840 inveniuntur,
830 2762 862 2821 in
891 2761 961 2823 aliis
990 2759 1220 2840 desiderantur,
1254 2758 1339 2842 quod
1367 2757 1452 2820 idem

172 2866 265 2927 etiam
298 2865 332 2925 in
360 2862 551 2945 Dionysium
581 2867 726 2948 quadrat3
766 2877 833 2930 tum
868 2874 972 2930 autem
1001 2868 1153 2928 rationem
1182 2865 1339 2929 detexisse
1365 2865 1452 2928 Nita-

175 2971 281 3033 schius
305 2970 365 3033 sibi
382 2973 469 3035 visus
494 2980 540 3034 est
562 2975 645 3035 inter
668 2974 753 3036 locos
777 2973 893 3056 quibus
916 2981 1039 3058 praeter
1062 2974 1138 3036 haec
1156 2975 1344 3057 cognomina
1360 2976 1452 3036 etiam

173 3078 327 3159 principia
361 3097 517 3141 annorum
551 3085 658 3141 notata
691 3085 778 3160 sunt,
816 3100 879 3163 qua
911 3080 950 3142 de
982 3099 1077 3142 causa
1108 3081 1141 3141 in
1175 3079 1257 3142 hanc
1283 3080 1453 3163 perductus

178 3189 224 3246 est
246 3186 446 3248 sententiam:
472 3185 526 3248 ubi
551 3188 675 3270 saepius
699 3188 887 3270 cognomina
909 3193 1092 3268 occurrunt,
1116 3189 1148 3250 in
1173 3188 1290 3250 eisdem
1312 3188 1453 3270 priorum

177 3289 328 3353 librorum
350 3292 619 3375 primaedeoadis
635 3292 777 3376 partibus
800 3296 904 3375 etiam,
928 3313 991 3378 quo
1014 3298 1152 3376 tempore
1169 3313 1271 3356 annus
1291 3295 1454 3376 magistra-

176 3401 267 3459 tuum
289 3399 415 3462 initium
431 3401 555 3483 ceperit,
579 3400 735 3482 adjectum
752 3406 806 3481 est,
830 3406 925 3484 atque
947 3403 982 3464 in
998 3403 1043 3464 eis
1058 3400 1200 3484 partibus
1215 3399 1326 3464 Livius
1348 3420 1454 3464 recen-

176 3505 270 3568 tiores
294 3513 436 3570 auctores
460 3506 640 3572 adhibuisse
662 3509 821 3592 putandus
844 3514 904 3588 est;
928 3508 984 3572 ubi
1007 3515 1112 3572 autern
1131 3510 1318 3592 cognomina
1334 3509 1454 3589 desunt

176 3630 216 3674 ne
232 3613 270 3675 de
284 3614 375 3675 initio
393 3612 520 3695 quidem
538 3617 612 3676 anni
626 3616 800 3698 quidquam
813 3615 956 3678 additum
973 3621 1027 3679 est.
1059 3615 1119 3678 His
1134 3617 1169 3677 in
1184 3615 1326 3699 partibus
1342 3616 1369 3678 si
1386 3634 1455 3677 sen-

176 3721 305 3782 tentiam
315 3719 468 3782 Nitzschii
481 3722 630 3802 sequeris,
642 3721 866 3785 vetustioribus
884 3722 1064 3786 auctoribus
1074 3722 1185 3785 Livius
1198 3740 1265 3784 sese
1278 3721 1454 3784 adstrinxit.

176 3823 237 3888 Sed
248 3827 330 3889 inter
344 3827 549 3888 recentiorem
561 3827 651 3888 illum
665 3835 695 3889 et
707 3829 792 3891 huno
805 3831 1006 3892 vetustiorem
1023 3836 1182 3892 auctorem
1194 3827 1305 3890 tertius
1317 3827 1455 3906 interest,

177 3933 232 4013 qui
249 3933 376 4014 quidem
392 3934 580 4013 cognomina
597 3952 659 3995 nou
678 3935 813 4014 3111111131,
830 3935 884 3997 sed
896 3935 997 3998 fusius
1015 3944 1046 3998 et
1060 3936 1178 4018 largius
1196 3953 1291 4018 quam
1305 3935 1457 3996 vetustior

269 4213 288 4282 ¹)
307 4212 341 4268 K.
356 4213 400 4266 W.
415 4213 542 4268 Nitaseh:
561 4214 613 4268 Ι)13
632 4215 949 4270 RdmischeAnnalistik
968 4234 1023 4271 von
1041 4216 1120 4270 ihren
1135 4220 1228 4270 ersten
1245 4215 1395 4286 Anfdngen
1413 4216 1456 4270 bis

178 4299 228 4352 auf
243 4299 371 4354 Valerius
391 4301 498 4354 Antias.
536 4302 630 4356 Berlin
652 4304 727 4357 1873.

269 4386 290 4456 2)
308 4405 373 4458 pag.
395 4390 507 4444 1-188.
545 4390 625 4444 Hanc
643 4391 794 4461 praecipue
813 4396 923 4461 partem
942 4391 972 4444 in
991 4391 1171 4462 sequentibus
1190 4390 1317 4461 respicio.

268 4475 340 4546 8)111
363 4477 585 4548 disputationem
608 4487 691 4535 vocat
710 4481 880 4535 Nitzschius:
909 4482 966 4535 Liv.
982 4484 1014 4537 ll.
1038 4481 1178 4535 1-1V.8.
1215 4480 1328 4550 Dionys.
1348 4481 1456 4551 antiqu.

178 4565 255 4619 Rom.
293 4565 325 4620 V.
349 4567 443 4621 l-XI.
464 4568 505 4622 63.

1284 4685 1296 4738 l
