3216 5082
765 251 985 311 ..22-

236 442 305 486 eam
338 444 466 487 causam
500 435 587 488 ortus
622 437 682 508 est,
715 446 824 490 omnes
858 428 1017 490 centuriae
1046 425 1080 501 Q.
1104 424 1237 488 Fabium
1263 445 1327 488 non
1350 428 1527 508 petente-m
1580 376 1582 491 l

236 531 398 593 consulem
432 531 571 594 dicturae
595 537 696 611 erant3
732 535 787 616 qui
820 552 892 595 curn
917 533 1033 595 frustra
1056 537 1188 594 aetatem
1212 533 1437 614 provectiorem
1468 550 1527 594 ex-

236 645 385 713 cusasset,
408 639 509 721 legem
525 641 649 703 recitari
662 643 765 722 jussit,
786 661 848 723 qua
863 642 947 702 intra
963 639 1070 704 decem
1087 659 1186 702 annos
1203 640 1337 702 eundem
1354 640 1527 702 consulem

235 743 321 807 refici
345 765 408 806 non
433 746 548 808 liceret.
588 745 695 809 Nihilo
719 749 821 810 secius
846 751 950 809 autem
974 765 1046 809 oum
1067 745 1101 808 P.
1119 744 1223 824 Deoia,
1248 764 1342 828 quem
1357 753 1393 807 ut
1409 764 1529 808 secum

236 854 398 915 consulem
414 853 559 932 facerent,
576 856 719 917 onmium
735 875 891 918 consensu
907 856 1009 916 victus
1025 855 1185 935 petiverat,
1202 853 1312 915 consul
1325 857 1458 916 creatur.
1482 891 1528 896 —

236 962 285 1022 Ac
316 961 453 1042 primum
489 961 617 1043 quidem
649 961 824 1025 notandum
852 961 977 1023 videtur
1008 962 1124 1023 iterum
1147 961 1206 1021 hoc
1233 960 1301 1022 loeo
1331 958 1428 1022 rabie
1453 979 1528 1021 non

235 1068 350 1149 petenti
375 1073 469 1149 atque
493 1069 569 1130 adeo
593 1070 750 1131 recusanti
774 1069 974 1131 consulatum
997 1068 1155 1149 mandari,
1185 1069 1218 1130 id
1242 1067 1324 1150 quod
1350 1069 1528 1149 scriptores

238 1173 392 1254 quosdam
428 1181 462 1236 ut
496 1175 628 1256 gloriam
663 1177 765 1258 gentis
789 1175 904 1238 Fabiae
936 1178 969 1237 in
1002 1177 1104 1238 maius
1138 1180 1301 1256 augerent,
1333 1175 1443 1236 fecisse
1484 1193 1527 1235 ex

237 1283 336 1364 capite
361 1302 443 1344 nono
469 1287 487 1362 ᾗ
506 1283 545 1344 10
570 1283 710 1365 intellegi
732 1289 840 1365 potest.
879 1283 959 1346 'lum
983 1290 1088 1346 autem
1111 1283 1138 1344 si
1153 1281 1235 1344 Livii
1254 1282 1350 1343 fastos
1365 1282 1526 1363 sequeris,

236 1389 318 1450 inter
346 1390 474 1450 tertium
502 1395 533 1450 et
561 1395 709 1472 quartum
732 1389 820 1452 Fabii
850 1391 1049 1453 consulatum
1078 1390 1226 1452 undecim
1250 1390 1328 1451 anni
1349 1389 1525 1463 intersunt,

237 1499 274 1556 ut
289 1513 351 1577 quo
364 1497 435 1576 jure
452 1495 533 1558 hanc
547 1496 649 1578 legem
666 1496 874 1579 repudiationi
891 1497 1094 1580 praetendere
1105 1499 1250 1580 potuerit,
1266 1515 1331 1558 non
1343 1495 1524 1576 intellegas.

235 1598 306 1662 Hac
329 1607 434 1663 autem
458 1621 498 1664 ex
521 1622 555 1666 re
578 1603 638 1665 viri
663 1603 745 1665 docti
755 1603 776 1681 1)
801 1610 883 1667 recte
907 1604 1142 1685 concluserunt,
1171 1602 1297 1666 Livium
1320 1603 1372 1664 hic
1395 1601 1522 1664 calculo

237 1705 455 1789 chronologico
488 1728 583 1772 usum
617 1729 684 1773 esse
717 1710 755 1772 ab
789 1729 839 1792 oo,
873 1731 968 1795 quem
996 1713 1031 1773 in
1059 1710 1314 1774 antecedentibus
1342 1707 1523 1788 adhibebat,

236 1815 407 1878 recedente.
458 1816 559 1899 Atqui
582 1822 659 1879 teste
682 1815 804 1897 Livio2)
829 1816 902 1880 Piso
926 1818 1018 1882 binos
1042 1819 1276 1880 transcenderat
1299 1817 1458 1897 consules,
1484 1820 1522 1877 ut

235 1920 288 1983 hic
315 1923 461 2005 scriptor,
489 1943 562 1987 cum
590 1944 654 1987 non
681 1922 831 1986 undecim
859 1924 913 1986 sed
943 1943 1055 1986 novem
1086 1945 1242 1988 annorum
1269 1925 1407 2008 spatium
1433 1925 1522 1985 inter

236 2032 363 2093 tertium
395 2037 426 2093 et
453 2039 601 2115 quartum
629 2030 719 2093 rabir
748 2031 948 2093 constrictum
977 2036 1070 2110 esset,
1099 2033 1171 2112 jure
1199 2030 1332 2094 Fabium
1365 2031 1420 2092 illa
1448 2030 1520 2112 lege

235 2138 483 2220 repudiationem
522 2155 692 2201 excusasse
731 2138 834 2200 dicere
872 2139 1015 2221 posset3).
1078 2138 1128 2200 Ex
1168 2139 1216 2201 his
1255 2141 1352 2222 igitur
1389 2138 1517 2199 indiciis

236 2247 404 2308 coniecerit
437 2247 608 2328 quispiam,
642 2250 785 2308 nostrum
818 2245 869 2306 hic
897 2245 1046 2308 Pisonem
1078 2256 1222 2310 secutum
1255 2266 1330 2310 esse.
1382 2245 1443 2309 Sed
1477 2246 1516 2307 ab

237 2354 325 2414 omni
347 2351 625 2414 verisimilitudine
650 2351 794 2415 abhorret
817 2353 903 2415 illius
920 2355 1080 2435 scriptoris
1097 2354 1196 2418 exiles
1213 2361 1243 2417 et
1258 2360 1369 2417 tenues
1385 2354 1514 2416 annales

239 2479 257 2520 a
279 2458 370 2522 Livio
397 2461 430 2521 in
460 2459 644 2521 enarrandis
668 2459 763 2524 rebus
786 2467 954 2544 usurpatos
978 2479 1053 2523 esse.
1101 2459 1203 2536 Quam
1228 2461 1266 2524 ab
1290 2481 1419 2524 causam
1443 2479 1512 2523 eum

235 2566 287 2628 hic
310 2566 439 2630 subesse
462 2567 643 2648 arbitrabar,
668 2571 756 2650 ouius
781 2569 910 2630 annales
928 2569 1159 2631 necessitudine
1176 2569 1312 2651 quadam
1329 2570 1509 2630 coniunctae

236 2673 335 2737 fuisse
358 2675 507 2738 videntur
530 2695 602 2738 cum
626 2675 749 2738 Pisone.
796 2674 929 2739 Duobus
953 2676 1037 2738 enim
1060 2675 1147 2756 locis,
1170 2676 1226 2738 ubi
1241 2676 1390 2738 Pisonem
1405 2674 1502 2738 livius

236 2781 304 2844 sine
337 2782 432 2846 dubio
464 2783 614 2865 inspexit,
650 2782 765 2846 Licinii
793 2801 907 2844 nomen,
937 2784 1063 2845 citatur:
1099 2781 1156 2845 IX.
1183 2783 1270 2844 46.2
1296 2788 1326 2844 et
1350 2782 1389 2844 X.
1418 2784 1445 2844 9.
1464 2781 1507 2858 rb,

236 2907 317 2971 quae
333 2893 379 2951 est
395 2907 489 2952 causa
504 2909 561 2952 cur
575 2889 721 2953 aPisone
732 2889 891 2952 Licinium
903 2890 1057 2951 rationem
1070 2891 1322 2973 chronologicam
1335 2897 1511 2954 mutuatum

235 3013 303 3056 esso
327 3001 462 3058 statuere
485 3016 576 3080 posse
599 2998 678 3059 mihi
701 2999 789 3060 visus
813 2997 880 3058 sim.
921 2997 990 3060 Hac
1012 2999 1109 3080 igitur
1128 2999 1370 3080 argumentandi
1393 3000 1513 3061 ratione

236 3103 427 3166 remittimur
455 3102 494 3165 ad
522 3123 596 3166 eum
623 3103 761 3186 locum4)
791 3123 853 3186 quo
882 3104 996 3168 diserte
1024 3104 1134 3167 Livius
1163 3123 1213 3167 res
1241 3106 1316 3166 anni
1346 3107 1464 3172 45511.
1490 3125 1512 3167 c.

236 3229 386 3272 enarrans
410 3209 517 3291 adicit,
541 3209 700 3275 Licinium
723 3213 892 3276 memoriae
915 3213 1090 3296 prodidisse
1113 3211 1246 3274 Fabium
1271 3232 1332 3275 non
1357 3217 1514 3295 petentem

237 3318 395 3379 centurias
430 3318 591 3381 consulem
628 3339 732 3382 creare
767 3320 913 3382 voluisse.
939 3355 980 3363 —
1006 3317 1096 3393 Quod
1121 3325 1214 3403 caput
1238 3321 1264 3383 si
1287 3326 1370 3383 recte
1393 3319 1513 3383 Licinio

235 3422 413 3506 tribuimus,
437 3427 531 3488 etiam
556 3428 609 3489 alii
632 3429 734 3489 nostri
756 3426 839 3507 libri,
862 3427 923 3489 loci
948 3424 1063 3508 quibus
1087 3425 1196 3488 eadem
1211 3446 1260 3489 res
1282 3427 1398 3490 eisdem
1415 3447 1515 3512 paene

237 3530 339 3593 verbis
354 3533 530 3614 exponitur,
546 3533 646 3596 eidem
659 3533 841 3595 vindicandi
853 3539 958 3610 erunt,
977 3534 1061 3615 quod
1074 3533 1291 3616 progrediente
1303 3534 1515 3618 disputatione

238 3637 307 3700 aliis
331 3641 525 3721 argumentis
548 3641 674 3724 plenius
698 3639 971 3703 demonstrabitur.

328 3867 347 3936 ¹)
366 3866 407 3921 De
426 3867 526 3924 haere
546 3870 772 3940 disputaverunt:
792 3869 820 3922 F.
840 3869 1035 3922 Lachmannus
1054 3870 1087 3923 de
1106 3869 1231 3922 fontibus
1249 3868 1346 3923 histor.
1366 3871 1396 3923 T.
1408 3869 1477 3924 Livii
1494 3873 1512 3925 l.

236 3973 261 4023 p.
277 3957 318 4020 73,
339 3975 421 4025 quem
440 3962 551 4013 secutus
575 3961 618 4013 est
636 3959 750 4013 Petems
774 3962 858 4012 veter.
878 3958 943 4011 hist.
964 3959 1041 4011 Rom.
1061 3957 1118 4012 rell.
1139 3959 1157 4010 l.
1179 3958 1292 4012 CXCIX.
1312 3958 1513 4014 Mommsensus

236 4045 410 4100 Staatareeht
428 4046 454 4100 1²
473 4049 523 4102 501
544 4067 568 4102 a.
592 4048 614 4101 1.
654 4047 778 4117 Ungerus
798 4047 947 4101 Stadtaera
966 4065 991 4115 p.
1007 4047 1042 4100 84
1061 4052 1096 4116 (p.
1114 4047 1164 4100 168
1182 4046 1212 4099 in
1228 4047 1512 4103 commentationibus

237 4137 313 4190 acad.
333 4154 391 4206 reg.
409 4136 474 4191 Bav.
497 4137 549 4191 vol.
569 4137 627 4190 XV.
650 4137 681 4204 1).

325 4226 347 4294 ⁶³)
365 4225 422 4280 Liv.
442 4227 479 4280 LX
509 4227 541 4278 44
571 4226 594 4280 ¹2.

326 4315 346 4383 ³)
366 4313 407 4369 De
426 4316 524 4370 eadem
551 4333 635 4368 causa
662 4314 778 4368 fortasse
806 4315 859 4368 hoc
887 4315 998 4368 demum
1026 4331 1099 4368 anno
1124 4314 1244 4369 Carseoli
1263 4313 1372 4368 colonia
1392 4315 1510 4370 deducta

236 4408 476 4458 commemoratur.

326 4497 347 4564 ⁴)
367 4512 427 4564 cap.
448 4498 463 4548 9
482 4498 498 4563 ὅ
520 4495 560 4549 10.
