3134 5082
600 215 817 278 ὰ-55..

21 396 105 458 aito
159 390 320 481 abrumpIt
328 397 358 480 1).
415 395 540 460 Dixerit
567 397 664 479 igitur
691 395 847 479 quispiam
876 396 935 458 hoc
962 396 1030 458 loco
1058 401 1202 458 nostrum
1231 409 1250 458 a
1275 411 1346 478 pro·

21 505 167 586 posito
192 503 353 570 aberrasse
376 512 408 569 et
429 504 627 568 recedentem
644 523 662 566 a
677 493 918 566 fontibushunc
934 504 973 567 de
988 501 1159 584 Cleonymo
1176 521 1347 566 excursum

21 610 233 692 addidisse,
256 614 440 696 praesertIm
464 631 536 674 cum
560 611 619 673 hac
634 612 755 673 ratione
770 611 888 693 gloriae
903 609 1130 674 Patavinorum
1145 611 1346 695 popularium

21 721 185 782 servire
213 725 325 802 posset.
373 719 434 784 Sed
460 739 587 803 perraro
611 717 721 782 Livius
746 719 851 782 animo
875 738 933 782 suo
956 721 1100 802 requiem
1124 719 1293 803 quaerebat
1316 724 1347 782 et

21 825 58 886 si
91 843 164 887 res
190 845 210 887 a
231 826 371 890 fontibus
395 827 514 888 alienas
537 826 739 908 expositurus
764 830 819 905 est,
843 845 862 886 a
883 823 1069 908 legentibus,
1094 827 1178 909 quod
1203 825 1241 889 ab
1259 826 1346 908 justo

23 951 171 994 rerum
195 932 308 996 ordine
332 934 474 1013 declinet
498 933 589 1016 quasi
612 933 737 995 veniam
761 929 878 1015 petitll.
920 932 1012 995 Adde
1036 933 1120 1015 quod
1143 932 1245 996 tribus
1268 933 1345 996 loeis

24 1039 174 1104 Livius
211 1040 431 1105 Alexandrum
465 1039 651 1123 Epirensem
691 1040 745 1121 qui
779 1040 813 1101 in
848 1039 973 1102 Italiam
1008 1041 1230 1103 excensionem
1264 1039 1345 1120 lecit,

28 1147 322 1229 commemorati)
350 1154 380 1211 et
409 1148 485 1211 alias
512 1147 547 1208 in
573 1148 676 1230 prima
704 1146 820 1209 decade
844 1145 1036 1210 Graecarum
1063 1146 1149 1209 haud
1174 1147 1345 1229 neglegens

32 1276 123 1319 esse
164 1251 291 1320 videtur
321 1275 442 1334 rerum,
476 1275 555 1338 quas
577 1253 703 1318 Livium
736 1255 838 1318 fontes
871 1260 1015 1318 secutum
1046 1254 1207 1318 rettulisse
1238 1255 1284 1316 ita
1310 1253 1345 1316 in

32 1367 213 1446 promptu
251 1369 310 1444 est,
349 1367 385 1426 ut
424 1362 636 1445 disputahone
674 1380 740 1424 non
779 1366 876 1444 egeat
923 1360 1104 1424 Verisimile
1136 1362 1234 1444 igItur
1266 1360 1345 1424 mihi

37 1471 192 1534 videtur
225 1470 350 1534 Livium
386 1469 550 1551 Cleonymi
585 1469 817 1552 expeditionem
851 1470 886 1531 in
917 1468 1057 1532 Venetos
1087 1468 1205 1556 'factam
1238 1469 1273 1530 in
1308 1487 1344 1532 eo

44 1583 196 1641 auctore
223 1579 383 1641 invenisse
412 1597 507 1661 quern
535 1577 731 1661 paragrapho
756 1579 774 1639 3
802 1578 943 1660 inspexit
972 1595 1104 1660 eamque
1131 1577 1345 1638 narrationem

42 1690 231 1768 propterea
252 1685 420 1770 praeterire
439 1684 588 1768 noluisse,
614 1684 689 1766 quia
706 1681 898 1762 Cleonymus
913 1684 948 1746 in
964 1683 1056 1747 Italia
1071 1682 1191 1745 bellum
1206 1679 1343 1765 gessia).

50 1788 239 1873 Sperabam
267 1809 340 1853 cum
365 1791 468 1873 primo
491 1791 525 1852 in
548 1791 644 1852 huius
666 1789 728 1852 loci
750 1788 852 1852 fontes
879 1791 1072 1872 inquirerem
1096 1786 1344 1853 morationibus

50 1896 295 1979 chronologicis
328 1897 449 1980 aliquid
475 1896 690 1980 profecturum
721 1915 797 1960 esse.
854 1893 922 1971 Quo
955 1898 1039 1959 enim
1072 1898 1140 1959 loco
1168 1895 1344 1960 Alexandri

55 2001 233 2084 Epirensis
255 2003 393 2086 primum
416 2003 452 2065 fit
474 2004 606 2084 mentm,
638 2001 761 2066 Livium
784 2022 913 2086 prorsus
937 2002 998 2065 alio
1022 2003 1143 2066 calculo
1166 2008 1343 2086 temporum

57 2111 108 2170 uti
142 2114 237 2191 atque
265 2110 335 2173 aliis
363 2109 486 2173 duobus
514 2111 591 2174 loeis
615 2110 686 2173 luce
709 2110 825 2173 clarius
849 2107 926 2189 est5)
950 2115 980 2173 et
1003 2108 1139 2173 conabar
1162 2110 1190 2172 si
1213 2109 1343 2172 eandem
1416 2133 1424 2150 .

60 2218 220 2280 rationem
251 2223 359 2280 nostro
391 2218 459 2280 loco
494 2223 524 2280 et
555 2238 620 2280 uno
653 2237 693 2281 ex
725 2219 789 2281 illis
823 2218 923 2282 tribus
953 2218 1124 2282 adhibitam
1152 2236 1220 2280 esse
1248 2219 1343 2280 statui

64 2328 177 2403 posset.
239 2321 299 2385 Sed
337 2325 396 2386 hac
435 2344 488 2408 spe
523 2324 690 2388 destitutus
726 2345 806 2393 sum.
868 2325 920 2387 Ad
956 2326 1052 2388 aliam
1087 2327 1183 2409 igitur
1217 2324 1343 2407 coniugi

73 2431 292 2508 coniecturam,
327 2451 423 2513 quam
456 2432 579 2494 etiarnsi
606 2450 663 2514 pro
691 2437 775 2494 certo
803 2451 919 2515 ponere
942 2451 1007 2494 non
1036 2433 1151 2512 ausim,
1186 2435 1292 2494 tamen
1325 2451 1344 2492 a

74 2534 285 2617 probabihtate
312 2557 376 2600 non
406 2537 573 2601 abhorrere
595 2540 745 2622 largIerIs.
792 2539 866 2602 lam
893 2539 945 2601 hio
967 2539 1007 2601 ad
1030 2537 1159 2601 Diodori
1182 2556 1343 2600 recurrere

72 2644 278 2707 narrationem
300 2663 428 2708 necesse
452 2652 506 2708 est.
545 2645 576 2708 Is
599 2645 663 2708 fere
681 2647 759 2709 haec
775 2645 915 2709 exhibet:
940 2644 1044 2709 »Bello
1060 2647 1143 2708 inter
1160 2645 1343 2708 Tarentinos

71 2755 98 2811 et
125 2748 268 2814 Lucanos
293 2751 587 2836 Metapontinosque
596 2751 618 2833 ⁶)
652 2753 781 2816 ardente
812 2753 973 2816 Tarentini
1006 2753 1162 2816 auxilium
1194 2758 1224 2815 et
1256 2751 1342 2816 Cleo·

68 2875 200 2936 nymum
223 2857 334 2920 ducem
354 2857 642 2923 aLacedaemoniis
658 2860 845 2942 petiverunt.
879 2857 1001 2935 Quibus
1017 2879 1090 2922 cum
1105 2859 1342 2923 Lacedaemonii

69 2961 206 3026 obsecuti
240 2971 357 3046 essent,
393 2971 423 3028 et
455 2964 646 3047 Cleonymus
679 2966 843 3044 dumtaxat
875 2967 987 3050 viginti
1020 2967 1108 3030 miha
1139 2967 1276 3029 militnm
1308 2969 1341 3030 in

70 3068 199 3133 Graecia
231 3076 261 3134 et
292 3073 327 3133 in
349 3072 442 3135 Itaha
475 3073 638 3156 coegisset,
670 3071 815 3137 Lucanos
848 3074 920 3136 illos
948 3073 1077 3156 quidem
1105 3073 1296 3155 Cleonymus
1324 3095 1343 3136 a

70 3177 150 3239 bello
177 3178 339 3260 deterruit,
367 3177 591 3263 Metapontinis
608 3185 726 3243 'autem
754 3179 893 3244 subactis
922 3180 1118 3263 ahquamdiu
1146 3181 1343 3244 luxuriosius

74 3291 101 3347 et
135 3285 315 3370 disciplinae
341 3286 515 3350 Laconicae
548 3287 664 3350 oblitus
696 3289 730 3349 in
763 3307 871 3351 eorum
902 3286 981 3350 urbe
1013 3293 1156 3351 versatus
1188 3295 1219 3351 et
1249 3290 1342 3372 paulo

73 3399 140 3474 post
161 3392 296 3475 Corcyra
322 3395 428 3458 insula
457 3415 553 3478 quam
575 3395 849 3478 propugnaculum
871 3395 1013 3476 haberet,
1040 3396 1157 3479 potitus
1181 3400 1236 3458 est.
1282 3394 1343 3458 Sed

73 3519 279 3529 ————

161 3587 180 3656 ¹)
197 3587 319 3644 XXXIII.
338 3589 381 3642 20.
418 3587 525 3642 XXXV.
545 3589 588 3642 40.
625 3586 745 3642 XXXXI.
765 3588 809 3642 25.

159 3676 178 3742 2)
197 3677 241 3731 ΙΧ.
263 3679 302 3732 17.
322 3679 347 3731 2.
765 3669 767 3676 ’

159 3765 179 3838 ³)
197 3766 267 3820 VIII.
287 3768 311 3822 2.
332 3769 356 3822 6.
384 3766 456 3822 VIII.
478 3768 518 3821 17.
539 3769 563 3822 9.
591 3767 663 3821 VIII.
683 3767 725 3821 24.

159 3855 179 3926 4)
198 3855 302 3910 Notum
321 3859 364 3911 est
374 3854 483 3910 Livium
501 3856 555 3910 hoc
574 3855 806 3926 argumentanti,
826 3872 881 3924 quo
896 3854 958 3909 loco
974 3873 1022 3909 cur
1036 3854 1187 3910 Alexandri
1202 3853 1343 3923 Epirensis

77 3944 178 4000 tristem
195 3948 327 4000 eventum
344 3945 506 4007 narraverit
526 3945 596 4000 dicit
613 3944 685 4000 VIII
704 3946 747 3999 24.
768 3945 809 3998 18.

162 4034 181 4104 ⁵)
199 4035 259 4088 Hac
277 4052 307 4090 re
321 4035 449 4105 Ungerus
468 4037 623 4089 commotus
643 4038 692 4097 est,
712 4037 745 4088 ut
759 4051 838 4088 suum
853 4033 953 4102 cuique
967 4035 1029 4087 loco
1043 4036 1186 4087 auctorem
1200 4032 1343 4088 tribueret.

80 4125 198 4178 Conferas
223 4125 490 4180 commentationem
517 4125 592 4180 illius
614 4124 668 4180 viri
690 4141 762 4193 quae
784 4122 920 4193 impressa
942 4126 985 4177 est
1007 4123 1049 4176 in:
1087 4120 1342 4192 Sitnungsberichte

81 4215 124 4268 der
139 4214 245 4284 anigl.
265 4215 333 4269 bair.
353 4215 504 4270 Academia
524 4214 733 4285 philos-philol.
753 4214 851 4268 Klasse
872 4214 949 4268 1876.
968 4232 996 4283 p.
1014 4214 1067 4267 563
1085 4231 1145 4282 sqq.

162 4305 180 4372 q
200 4305 291 4359 Probo
310 4305 417 4374 Ungeri
435 4305 632 4370 coniecturam,
652 4303 701 4373 qui
718 4303 826 4358 librarii
844 4304 976 4358 mendum
994 4319 1052 4358 esse
1070 4302 1101 4356 in
1119 4301 1210 4357 verbis
1228 4300 1344 4356 Diodori

83 4393 131 4448 XX.
150 4395 207 4449 104:
235 4395 302 4465 πρὸς
320 4395 475 4451 Λευκανοὺς
497 4399 542 4447 καὶ
564 4397 704 4463 Ρωμαίους
727 4393 879 4448 arbitratus
902 4391 1014 4461 scripsit
1036 4391 1102 4462 πρὸς
1120 4391 1274 4448 Λευκανοὺς
1296 4395 1342 4444 καὶ

86 4486 296 4539 Μεταποντίνους.
333 4483 481 4539 Romische
501 4485 649 4538 Stadtaera
666 4503 693 4553 p.
709 4483 751 4537 80.
