3134 5082
601 258 730 318 -37
780 296 820 305 -.

26 465 51 500 η
81 439 143 502 1000
158 439 296 504 conferas
311 438 377 502 niv.
396 438 436 502 X.
454 441 504 502 25.
524 441 555 501 l:
582 443 729 521 quattuor
747 438 835 499 milia
855 437 1351 520 00111001010000001000001100

27 573 57 614 :2-
83 547 257 609 dumtaxat
288 544 423 610 scribere
450 546 486 608 in
513 547 618 607 animo
653 550 707 607 001.
754 546 902 606 Attamen
932 564 996 607 non
1024 543 1194 607 Fabiorum
1227 548 1351 607 tanturn

81 655 200 716 nomine
223 660 279 716 001
301 653 418 716 eisdem
440 653 577 716 militum
601 653 740 714 numeris
764 658 938 715 commotus
962 672 1042 734 sum,
1066 657 1102 714 01
1123 653 1205 715 hanc
1228 672 1352 736 compa·

20 791 40 830 a
54 793 66 831 .··
84 763 228 824 rationem
251 763 458 842 instituerem,
481 761 535 824 sed
559 761 664 844 potius
688 778 723 821 eo
748 759 832 841 quod
850 764 959 822 auctor
982 761 1091 843 capitis
1113 758 1210 822 XXV
1226 780 1290 822 non
1314 759 1352 822 de

19 871 215 938 0000010110
236 870 325 950 justo
354 868 469 930 dilectu
498 873 612 947 coacto,
641 866 696 928 sed
728 866 767 928 de
794 863 999 928 voluntariis
1026 867 1162 949 cogitare
1188 865 1313 928 videtur
1324 867 1352 946 ι).

20 1005 49 1047 rs„
72 975 145 1038 ’lam
177 994 371 1058 quamquam
406 973 622 1056 progrediente
654 973 833 1035 narratione
861 971 977 1036 Fabius
1008 971 1168 1034 Etruriam
1202 973 1352 1055 relinquit

20 1115 50 1156 151«
83 1083 313 1166 Scipionemque
336 1083 452 1165 legioni
474 1082 645 1165 praeponit,
670 1087 705 1142 ut
731 1079 795 1142 fere
827 1081 908 1142 hanc
936 1099 1039 1143 meam
1067 1081 1254 1142 sententiam
1287 1100 1351 1142 000

20 1223 34 1266 3.
53 1237 59 1254 .
84 1193 148 1254 sutis
191 1196 296 1273 aptam
345 1209 413 1253 0000
460 1188 632 1268 arbitraria,
683 1194 788 1251 tamen
829 1189 857 1251 is
906 1189 961 1271 qui
1005 1187 1099 1251 finxit
1150 1186 1240 1252 Fabii
1281 1208 1352 1272 pro-

27 1333 64 1374 ,ος
86 1299 236 1361 lectionem
269 1318 342 1360 cum
369 1297 557 1360 voluntariis
589 1296 702 1358 factam
730 1297 897 1378 praecipue
924 1315 1041 1378 magna
1069 1296 1164 1377 clade,
1193 1316 1288 1378 quam
1316 1315 1350 1360 re

88 1423 147 1467 vera
167 1404 358 1488 praesidium
383 1403 542 1486 quoddam
566 1421 602 1465 eo
626 1422 709 1464 anno
732 1404 766 1464 in
790 1401 918 1464 Etunia
941 1403 1072 1485 accepit,
1100 1402 1254 1466 adductus
1283 1421 1351 1466 esse

18 1547 65 1590 tr.)
88 1511 235 1592 putandus
260 1517 315 1590 est,
339 1517 374 1572 01
391 1508 479 1572 Fabii
497 1508 630 1572 Maximi
651 1527 766 1570 nomen
786 1509 867 1570 mira
890 1509 1011 1570 ratione
1031 1528 1104 1570 cum
1124 1508 1183 1570 hoc
1202 1509 1350 1592 praesidii

88 1619 200 1680 interitu
215 1617 429 1698 coniungeret.
476 1614 563 1689 Quae
583 1635 653 1677 mea
671 1616 826 1677 sententia
842 1633 878 1676 00
897 1614 1116 1678 corrobaratur
1132 1615 1216 1696 quod
1231 1613 1353 1696 Diony-

19 1769 32 1806 „
43 1711 64 1805 gi*
88 1726 141 1788 aius
163 1725 309 1808 0001000
330 1725 369 1786 de
384 1723 554 1787 Fabiorum
576 1724 706 1786 interitu
722 1723 852 1785 alteram
868 1723 920 1784 001
935 1724 1088 1785 maiorem
1108 1722 1202 1785 fidem
1217 1722 1351 1804 habeta

26 1889 31 1904 ,
58 1872 64 1912 .·
89 1833 188 1914 profert
209 1835 432 1908 narrationem,
456 1832 574 1894 similes
598 1831 727 1913 exponit
750 1849 808 1892 res.
840 1831 893 1892 An
916 1830 994 1892 forte
1018 1830 1168 1893 accidisse
1189 1836 1291 1914 putas,
1314 1837 1350 1893 ut

18 1961 51 2026 ff,
89 1937 242 2022 Dionysius
265 1947 434 2025 postquam
459 1941 513 2022 qui
535 1938 751 2002 Romanorum
775 1938 886 2000 collem
915 1944 1119 2021 occupassent
1147 1937 1185 2000 ab
1209 1937 1351 2002 Etruscis

90 2049 246 2112 interfectos
271 2050 419 2132 exposuit
442 2050 487 2110 sic
510 2052 630 2130 pergat:
662 2049 909 2131 διαφθείραντες
938 2048 972 2112 δὲ
1002 2041 1078 2122 rode
1106 2043 1226 2132 ἄνδρας
1254 2047 1352 2115 ἔθεον

18 2145 59 2241 0οᾸ
91 2153 189 2222 101τό
215 2151 371 2240 φρούριον
400 2156 554 2238 ἔχοντες
580 2149 648 2228 ταὶς
670 2160 746 2219 τῶν
770 2148 1079 2236 ἐπιφανειτατων
1106 2149 1282 2237 κεφαλάς,
1307 2151 1351 2231 eir

25 2253 58 2348 q,
91 2259 118 2341 ἐξ
137 2259 247 2344 1010100
270 2261 349 2338 τούς
371 2262 441 2328 ἐκεῖ
460 2255 733 2346 παραληψόμενοι,
758 2278 895 2341 quocum
918 2259 985 2321 1000
1007 2259 1147 2321 conferas
1167 2256 1233 2321 Liv.
1251 2258 1291 2322 X.
1311 2261 1351 2323 26

17 2412 60 2452 „,7
96 2365 169 2442 §lt
210 2369 290 2432 Tum
321 2387 383 2450 quo
411 2368 478 2430 loco
502 2365 676 2447 Dionysius
699 2366 759 2429 Titi
782 2364 922 2428 Meneuii
950 2365 1070 2428 cladem
1097 2365 1200 2448 prodit
1227 2372 1258 2429 01
1285 2368 1354 2430 0100

29 2544 53 2565 .
98 2469 171 2536 dubio
191 2476 326 2539 eundem
350 2479 509 2536 auctorem
534 2479 605 2536 0010
629 2473 736 2536 000100
760 2472 878 2553 habuit,
902 2473 980 2535 haec
1003 2471 1142 2534 exbibet:
1166 2475 1220 2539 καὶ
1236 2470 1351 2540 αὐτίκα

18 2618 58 2675 ,4
98 2579 157 2656 τούς
178 2583 281 2660 ἱππεῖς
309 2579 525 2664 ἀναλαβόντες
552 2577 649 2648 κατα
675 2577 746 2668 τήν
780 2579 917 2665 ἑτέραν
943 2577 1112 2665 01000αο
1139 2587 1207 2647 τοῦ
1230 2576 1351 2664 λόφου

17 2725 54 2779 4„
96 2681 207 2767 νῦδενός
232 2687 431 2772 κωλύοντος,
461 2684 652 2775 ἀνέβησαν
675 2689 737 2754 ἐπὶ
760 2684 830 2773 τήν
851 2683 1038 2774 κορυφήν,
1075 2705 1156 2769 0000
1184 2685 1279 2750 verba
1312 2688 1352 2751 ad

93 2790 162 2856 buno
185 2795 265 2860 Livii
294 2798 400 2860 locum
431 2797 575 2878 proxime
603 2794 768 2857 accedunt:
816 2793 887 2873 „sed
911 2797 947 2855 ut
973 2793 1007 2854 10
1039 2814 1074 2856 re
1106 2792 1208 2856 subita
1240 2814 1353 2877 parurn

17 2947 59 2999 w.
93 2901 231 2982 explorato
254 2906 368 2968 itinere
391 2902 437 2964 ad
448 2901 579 2986 sagum
603 2902 741 2985 perrexit
763 2899 854 2984 quod
874 2899 981 2961 hostes
997 2904 1153 2985 ceperant
1168 2904 1269 2984 parte
1283 2899 1353 2963 ulia

18 3057 53 3101 ᾧ.
92 3008 239 3089 aggrersd‘
256 3031 323 3094 000.
341 3010 391 3072 26.
410 3011 437 3072 9.
473 3009 590 3072 Nullus
613 3010 710 3092 igitur
734 3007 852 3088 dubito,
877 3009 954 3090 quin
977 3009 1132 3070 recentior
1156 3014 1264 3071 auctor
1280 3027 1353 3071 cum

17 3117 46 3212 m,
93 3109 156 3176 hanc
175 3117 305 3202 legionis
329 3117 489 3180 Romanae
513 3115 634 3179 cladem
657 3117 887 3198 perscripturus
911 3120 1047 3178 0000101
1071 3115 1154 3198 quod
1175 3114 1292 3178 Fabius
1315 3135 1351 3178 00

93 3237 160 3284 anno
180 3225 290 3290 000001
311 3225 431 3306 diisset,
455 3229 485 3286 01
508 3223 592 3305 0001
614 3223 806 3306 praesidium
830 3222 989 3305 quoddam
1013 3241 1048 3286 eo
1077 3242 1161 3285 anno
1189 3223 1229 3285 ad
1257 3224 1352 3286 inter-

18 3383 49 3427 „
91 3331 237 3395 necionem
266 3329 429 3396 redactum
458 3337 551 3412 esset,
578 3331 800 3414 profectionem
829 3330 926 3392 solius
950 3328 1038 3391 Fabii
1067 3349 1140 3391 oum
1163 3330 1351 3393 voluntariis

90 3503 284 3521 Ἠ-

166 3613 189 3680 1)
207 3613 247 3668 De
266 3613 470 3684 significatione
488 3612 638 3667 locutionis
653 3629 770 3678 „nomen
788 3611 871 3665 dare“
886 3610 1011 3665 conferas
1031 3610 1216 3679 Marquardtii
1234 3612 1351 3666 librum:

27 3705 39 3765 t
91 3693 221 3756 Rbmische
243 3703 512 3772 Staatsvcrwaltung
534 3702 567 3756 II.
588 3702 638 3756 371
662 3720 686 3755 0.
707 3703 744 3756 3.;
769 3719 888 3766 „nomen
911 3701 976 3754 dare
998 3700 1086 3755 heisst
1108 3701 1148 3754 im
1166 3701 1353 3771 cigentlichen

90 3781 162 3842 Sinna
178 3791 316 3864 freiwillig
335 3794 393 3848 sich
413 3794 546 3847 melden“.
583 3792 647 3845 Alia
666 3790 872 3862 significatione
890 3790 977 3844 011010
993 3789 1085 3860 pergit
1104 3790 1145 3844 vir
1163 3791 1351 3845 doctissimus:

17 3878 37 3932 p:
89 3872 115 3926 ln
137 3878 181 3932 der
203 3887 321 3939 crateron
345 3881 587 3952 BedeutuugLiv.
607 3881 765 3936 1115111.
786 3881 828 3933 25.
865 3879 987 3947 Langius
1009 3880 1038 3932 10
1062 3880 1226 3949 compendio
1249 3899 1298 3935 000
1318 3913 1352 3922 -—

20 3985 22 4005 1
92 3961 246 4024 Altertiimcr
263 3972 289 4026 1³
307 3973 359 4026 526
378 4007 412 4015 -
432 3989 479 4026 000
498 3970 546 4039 001
564 3969 679 4024 nomina
693 3970 830 4024 dederunt
844 3968 1016 4022 voluntarios
1031 3973 1109 4022 extra
1124 3969 1247 4024 ordinem
1261 3974 1351 4024 vocat.

91 4081 118 4090 -
136 4055 199 4112 Cum
216 4061 305 4114 verbis
324 4061 403 4114 Fabii
417 4059 544 4114 Maximi:
571 4059 729 4123 „Hodierno
748 4063 777 4112 et
797 4057 919 4112 crastino
935 4057 986 4120 die,
1007 4057 1055 4125 qui
1073 4058 1189 4111 nomina
1203 4059 1350 4113 dederitis“

33 4211 35 4218 y
91 4144 196 4200 conferri
212 4154 328 4218 0000001
352 4167 423 4219 0000
447 4149 522 4218 apud
540 4148 649 4203 Livium
667 4149 700 4201 Π.
718 4148 761 4202 48.
784 4150 816 4201 10
838 4148 983 4216 leguntur:
1009 4146 1091 4214 „jussi
1115 4147 1217 4200 armati
1238 4152 1351 4216 postero

17 4243 28 4272 ἓν
92 4227 129 4282 die
146 4235 178 4287 ad
194 4237 277 4294 brnen
295 4239 417 4294 00000110
437 4239 556 4302 001οο0011,
577 4237 626 4308 001
644 4241 673 4291 01
691 4236 746 4307 1001
763 4235 916 4291 voluntarii
935 4242 1006 4298 0001,
1026 4233 1093 4302 0010
1106 4235 1217 4304 privato
1237 4241 1351 4306 sumptu

18 4329 30 4360 ³
92 4322 278 4387 expeditionem
297 4331 484 4398 susceperunt.

19 4489 20 4492 ,
170 4430 194 4498 2)
213 4432 271 4498 Quo
291 4434 355 4503 jure
377 4436 431 4489 hoe
453 4434 541 4489 faciat
559 4433 722 4504 Dionysius,
745 4433 774 4486 id
797 4431 949 4486 diiudicare
968 4449 1025 4485 000
1048 4436 1091 4486 001
1109 4435 1244 4484 nostrum.
1283 4431 1356 4486 Conf

94 4508 242 4575 Mommseni
260 4524 375 4578 librum:
395 4525 474 4579 Rem.
493 4525 692 4593 Forschungcn
712 4523 744 4576 11.
764 4541 791 4590 0.
812 4523 864 4574 255
883 4540 908 4575 0.
927 4523 971 4576 42.
