3134 5082
609 237 828 298 ..(11.-

55 413 141 475 61116
169 432 301 496 genere,
325 434 388 496 quo
411 434 475 476 non
493 434 532 476 ex
550 414 692 477 codicum
709 413 842 495 indiciis
866 415 921 477 sed
937 435 976 477 ex
992 415 1148 478 historicis
1165 417 1358 498 argumentis

54 520 245 602 scriptores
278 519 500 600 emendantur,
534 525 638 584 tamen
674 521 756 583 hane
782 539 886 583 meam
914 522 1102 585 sententiam
1130 521 1266 604 proferre
1294 541 1358 585 non

55 624 234 689 dubitavi:
273 629 401 690 tertium
434 629 517 700 6111111
551 647 623 692 cum
650 627 767 692 Fabius
800 629 911 691 consul
939 635 1061 693 creatus
1090 636 1183 711 esset,
1208 667 1249 674 —
1274 649 1357 692 anno

55 733 127 796 146
157 755 194 797 u.
221 755 246 798 o.
272 733 505 799 -Samnium
538 738 566 799 ei
598 738 761 820 provincia
793 738 911 816 evenit,
945 757 981 800 ac
1013 735 1103 800 Livio
1136 738 1245 819 hostel)
1272 744 1357 822 post-

55 862 165 924 quam
194 843 367 906 Nuceriam
389 844 585 908 Alfaternam
610 843 821 927 oppugnando
841 843 982 928 subegit,
1010 846 1098 909 haud
1120 865 1236 929 magno
1260 851 1358 909 certa-

54 949 153 1011 mine
182 947 342 1013 Samnites
366 951 441 1012 victi
469 953 556 1027 sunt;
585 969 689 1033 neque
717 951 784 1032 ejus
807 969 933 1033 pugnae
960 952 1111 1014 memoria
1133 950 1248 1014 tradita
1269 951 1357 1034 foret,

56 1057 94 1116 ni
118 1054 308 1118 Marsico
331 1057 469 1139 primum
492 1056 610 1139 proelio
635 1077 708 1120 cum
730 1055 882 1120 Romanis
904 1055 1083 1120 bellassent.
1121 1056 1254 1141 Propter
1275 1059 1358 1122 hanc

56 1163 168 1246 igitur
200 1166 335 1248 primam
363 1165 527 1228 1161611611(
556 1164 594 1227 (16
622 1163 735 1228 Marsis
764 1169 952 1248 reportatam
980 1164 1113 1228 Fabium
1146 1165 1357 1250 triumphasse

58 1277 184 1334 auctor
221 1271 259 1335 de
292 1291 320 1335 r.
348 1271 392 1334 ill.
425 1272 461 1333 in
497 1271 686 1354 quibusdam
722 1271 890 1335 annalibus
923 1273 1084 1335 invenisse
1118 1269 1258 1354 videtur,
1293 1294 1357 1357 qua

57 1380 197 1442 ratione
219 1379 337 1443 factum
361 1398 429 1442 esse
452 1379 594 1460 arbitror,
617 1384 653 1442 ut
669 1379 707 1442 de
723 1379 820 1442 altero
837 1398 987 1444 enarrans
1003 1379 1162 1463 triumpho
1178 1379 1356 1446 Marsorum

58 1485 189 1548 faceret
212 1487 414 1567 mentionem,
442 1506 577 1569 quorum
601 1505 716 1548 nomen
740 1485 861 1548 librarii
883 1487 1008 1549 incuria
1028 1488 1189 1550 incorum
1208 1493 1356 1571 quattuor

58 1595 265 1678 populorum
298 1613 466 1658 numerum
497 1595 656 1658 intrusum
689 1599 749 1674 est,
782 1595 836 1678 qui
865 1613 961 1678 supra
984 1595 1084 1678 eapite
1108 1596 1148 1656 27
1174 1595 1354 1662 afferuntur.

61 1699 284 1766 Scribendum
312 1704 409 1786 igitur
436 1721 562 1766 censeo:
601 1704 753 1785 »primum
777 1702 815 1764 (16
838 1702 953 1785 Apulis
977 1708 1007 1765 et
1029 1701 1211 1786 Nucerinis,
1239 1706 1374 1768 iterum,

63 1808 104 1871 de
130 1807 280 1894 Marsis,
305 1811 396 1872 tertio
420 1809 458 1871 (16
482 1807 581 1871 Gallis
605 1807 799 1872 Samnitibus
823 1807 953 1872 Umbris
977 1814 1072 1891 atque
1094 1809 1227 1872 Tuscis«

162 1914 282 2000 Capitis
307 1918 349 1978 34
388 1916 427 1978 ad
464 1920 608 1978 nostrum
647 1915 805 1978 decimum
839 1914 956 1978 librum
992 1913 1073 1978 duae
1107 1921 1231 1979 tantum
1265 1938 1354 2001 para-

63 2025 185 2106 graphi
209 2026 230 2087 4
254 2029 284 2088 et
309 2026 327 2086 5
351 2026 516 2108 pertinent.
567 2023 616 2086 Ao
644 2023 683 2086 (16
712 2029 824 2106 quarta
852 2023 981 2107 quidem
1008 2043 1104 2106 supra
1126 2025 1204 2106 iam,
1233 2045 1355 2108 quaec

64 2148 100 2190 re
141 2148 214 2194 esse
247 2130 337 2212 duxi,
371 2131 518 2194 adnotavi
527 2129 565 2212 2),
603 2132 713 2213 quinta
746 2135 850 2192 autem
883 2150 1076 2213 quamquam
1109 2130 1197 2194 brevi
1230 2130 1355 2197 dicendi

65 2257 188 2320 genere
221 2239 372 2303 Aurelius
405 2241 517 2320 utitur,
555 2245 660 2301 tamen
693 2258 827 2321 quorum
860 2239 1047 2322 scriptorum
1080 2239 1213 2322 vestigia
1244 2239 1354 2323 legerit

68 2343 242 2408 diiudicari
274 2352 382 2430 potest.
438 2344 549 2409 Livius
582 2347 666 2409 enim
700 2345 1353 2430 6111145966.1666111666116161166
1391 2433 1392 2436 Ἴ

68 2469 185 2515 causas
209 2471 266 2516 cur
289 2450 405 2516 Fabius
429 2471 469 2515 cx
488 2451 616 2515 Etruria
637 2450 770 2514 Romam
795 2451 946 2533 rediisset,
971 2473 989 2514 a
1012 2453 1216 2536 scriptoribus
1238 2455 1352 2518 relatas

69 2576 139 2621 csse
169 2560 292 2622 invenit
316 2565 409 2642 atque
432 2560 550 2644 largius
575 2559 651 2642 quid
676 2559 804 2642 quidam
829 2559 867 2621 de
890 2560 993 2622 reditu
1017 2565 1046 2623 61
1069 2560 1163 2624 1611116
1185 2567 1257 2645 post
1279 2581 1352 2625 eum

68 2665 162 2728 166116
185 2667 389 2750 prodiderint,
413 2674 526 2729 narrat.
565 2666 714 2749 Legimus
738 2666 822 2749 apud
837 2664 964 2729 Livium
980 2667 1119 2750 Appium
1137 2667 1210 2731 belli
1226 2668 1352 2733 Etrusci

70 2776 223 2836 terrorem
257 2775 383 2836 auxisse
418 2779 448 2836 et
470 2773 628 2836 Romanos
661 2793 701 2836 ue
733 2774 790 2836 uni
821 2774 1002 2855 imperatori
1034 2774 1094 2837 hoc
1122 2774 1240 2838 bellum
1268 2795 1351 2839 oom—
1466 2759 1474 2770 ²

69 2879 242 2961 mitterent,
265 2882 439 2958 monuisse3
466 2900 529 2963 qua
551 2900 622 2942 cum
639 2880 790 2942 relatione
805 2879 901 2942 verba
917 2881 1039 2943 Aurehi
1055 2881 1189 2944 conferri
1203 2891 1350 2965 possunt:

70 3006 111 3049 ne
144 2987 262 3051 Fabius
299 2989 385 3051 solus
422 2989 461 3050 ad
499 2988 616 3051 bellum
654 2989 830 3051 mitteretur
861 2988 1059 3051 contradixit.
1068 2989 1092 3069 3)
1127 3027 1168 3034 —
1202 2988 1351 3072 Sequitur

70 3093 168 3160 breve
191 3097 323 3160 Aurehi¹
337 3097 474 3160 Victoris
498 3098 715 3160 enunciatum:
741 3095 888 3177 Sabinos,
915 3095 1072 3160 Samnites
1096 3097 1245 3161 Etruscos
1268 3098 1350 3162 bello

72 3203 207 3284 domuit;
233 3225 311 3288 quas
334 3225 384 3268 res
407 3211 510 3288 gestas
534 3204 572 3268 ad
597 3206 730 3268 alterum
746 3205 843 3288 Appii
859 3203 982 3267 Claudii
1001 3206 1201 3269 consulatum
1217 3206 1351 3269 referen-

73 3310 126 3375 das
152 3331 219 3375 esse
241 3313 342 3396 primo
366 3313 529 3375 oculorum
553 3310 664 3374 611111111
688 3316 822 3395 apparet.
862 3311 910 3374 Ac
933 3311 971 3374 de
994 3311 1075 3375 bello
1100 3313 1241 3395 quidem,
1265 3315 1349 3397 quod

72 3419 196 3505 Appius
224 3440 296 3483 cum
320 3420 500 3484 Volumnio*
521 3422 553 3482 in
577 3419 705 3482 Etruria
731 3421 840 3502 gessit,
868 3418 978 3483 Livius
1005 3425 1041 3484 ut
1063 3419 1201 3483 vidimus
1230 3422 1349 3506 largam

73 3533 102 3588 61
140 3529 295 3611 prolixam
334 3526 460 3591 exhibet
497 3529 723 3604 narrationem,
763 3526 817 3588 sed
853 3525 988 3589 eundern
1023 3527 1135 3590 ducem
1170 3526 1349 3592 Romanum

74 3636 167 3698 etiam
194 3637 228 3699 in
252 3635 380 3699 Samnio
408 3635 554 3715 bellasse,
581 3635 614 3696 id
641 3636 674 3696 in
704 3635 871 3698 continuae
899 3637 1087 3699 narrationis
1115 3641 1255 3699 tenorem
1283 3657 1345 3700 nou

74 3745 196 3828 recepit,
219 3742 355 3806 breviter
379 3748 484 3806 autern
507 3761 543 3805 eo
566 3743 634 3804 loco
652 3762 713 3824 quo
730 3748 904 3804 ceterorum
921 3743 1108 3825 scriptorum
1125 3743 1348 3825 discrepantias

74 3855 225 3930 recenset,
249 3848 289 3912 X.
309 3851 348 3912 17
374 3850 449 3930 §11
476 3855 505 3912 et
531 3850 580 3930 12,
604 3849 771 3911 adnotavit.
818 3847 869 3911 Ex
893 3853 1041 3931 quattuor
1063 3851 1160 3931 igitur
1182 3849 1244 3910 illis
1269 3869 1348 3931 quas

75 3954 127 4019 11.
152 3955 238 4019 affert
267 3955 472 4020 relationibus
496 3957 600 4036 tortia,
630 3976 693 4038 qua
716 3957 790 4018 nori
814 3956 958 4018 consules
984 3995 1024 4002 -—
1049 3956 1172 4039 Appius
1197 3954 1348 4020 Claudius

76 4133 283 4144 Ἢ

164 4241 184 4307 ¹)
204 4240 247 4292 IX.
268 4240 311 4293 41.

162 4329 184 4393 ²)
202 4347 230 4398 p.
250 4330 329 4383 266.
350 4331 374 4383 2.

162 4417 183 4488 ³)
202 4419 288 4473 Miror
306 4419 428 4473 Keilium
451 4419 480 4472 in
504 4419 628 4474 editione
647 4437 698 4473 sua
716 4419 781 4472 libri
799 4421 832 4472 de
852 4419 917 4472 viris
935 4419 1021 4473 illust.
1041 4419 1153 4472 Breslau
1175 4419 1242 4473 1872
1261 4419 1346 4474 verba

80 4506 353 4570 ῃ11616111116661116ιι
375 4513 426 4562 eet.
447 4509 590 4563 referenda
609 4526 667 4564 esse
687 4509 722 4563 ad
741 4509 797 4564 biv.
818 4509 862 4564 lh'.
882 4509 924 4563 42.
944 4509 961 4563 4
980 4508 1123 4564 adnotare.
