3134 5082
766 229 1071 290 -36-,

238 401 277 464 ad
300 404 452 486 populum
477 410 507 468 et
529 407 732 488 pertinaciam
762 407 912 470 adversus
940 415 1135 491 praesentem
1163 407 1325 469 consulem
1355 405 1531 467 adiecerat.

236 510 349 574 deinde
373 531 446 575 cum
469 533 565 597 snpra
587 512 703 578 Decius
727 533 761 577 se
784 511 822 577 in
848 512 1028 579 Summam
1053 513 1107 578 vel
1126 515 1160 577 in
1177 513 1338 577 Etruriam
1361 511 1533 596 proficisci

237 625 383 702 paratum
407 639 475 684 esse
498 621 672 704 declaret,1)
695 623 747 685 hic
771 627 879 704 auctor
897 623 1077 686 tendentem
1093 620 1225 686 Decium
1241 626 1278 684 ut
1292 639 1370 684 suae
1384 621 1535 703 quisque

236 725 415 808 provinciae
438 731 554 790 sontem
581 733 714 809 tueatur,
741 729 921 792 introducit.
968 726 1091 804 Quibus
1124 729 1162 790 de
1194 729 1298 790 carisis
1331 729 1418 790 inter
1456 745 1535 788 eum

238 837 397 896 auctorem
421 853 515 916 quem
531 832 689 897 Licinium
713 853 781 898 esse
804 835 1039 898 enucleavimus
1063 839 1182 897 etcum
1201 835 1291 896 cuins
1306 834 1534 904 narrationem

241 941 259 1021 ἕ
285 940 312 1002 6.
342 943 452 1023 capitis
479 941 595 1004 XXVI
622 947 730 1005 noster
756 941 893 1006 breviter
921 941 1097 1022 adumbrat,
1120 943 1336 1004 necessitatem
1361 940 1536 1023 quandam

237 1049 429 1112 intercedere
453 1053 571 1134 opinor,
595 1051 649 1113 sed
672 1052 716 1113 ita
738 1056 774 1113 ut
797 1051 848 1113 hic
870 1051 957 1114 illius
980 1051 1192 1113 narrationem
1212 1055 1338 1112 secutus
1362 1049 1397 1110 in
1419 1050 1535 1110 maius
1563 1038 1564 1051 ¹

236 1157 363 1240 singula
396 1163 523 1241 augeret
555 1165 586 1221 et
618 1157 860 1241 amplificaretlt
912 1157 1077 1242 Comparat
1108 1158 1206 1240 igitur
1236 1158 1318 1218 inter
1348 1174 1383 1218 se
1410 1154 1535 1218 Livius

237 1263 275 1344 ἐξ
301 1263 328 1325 5.
353 1267 383 1326 et
408 1263 435 1325 6.
465 1268 619 1346 quantum
652 1265 797 1347 equidem
829 1265 920 1328 video
953 1264 1189 1348 antiquissimos
1224 1268 1254 1325 et
1287 1263 1533 1325 recentissimos

240 1373 390 1432 auctores.

325 1476 347 1539 J
348 1497 399 1538 am
422 1478 531 1560 paucis
555 1477 594 1540 ad
617 1477 849 1561 expeditionem
866 1478 954 1541 Fabii
975 1498 1070 1561 quam
1091 1497 1164 1540 cum
1185 1482 1334 1559 quattuor
1354 1475 1532 1537 dumtaxat

237 1582 367 1646 milibus
390 1585 531 1667 peditum
556 1591 586 1648 et
609 1587 758 1648 sescentis
781 1586 941 1669 equitibus
965 1587 1111 1669 suscepit,
1130 1590 1276 1648 revertar.
1317 1585 1426 1665 Atque
1456 1603 1530 1646 cum

238 1689 308 1751 luce
336 1690 451 1752 clarius
479 1691 520 1752 sit
548 1709 629 1772 quae
661 1691 735 1754 inde
763 1712 781 1754 a
809 1694 909 1775 capite
933 1694 974 1754 25
999 1694 1017 1772 ξ
1043 1692 1149 1754 1-11
1186 1697 1217 1752 et
1250 1709 1315 1772 cap.
1341 1689 1383 1750 26
1412 1690 1529 1750 7-11

237 1796 386 1878 leguntur
408 1797 490 1858 inter
513 1815 546 1859 se
570 1797 734 1860 cohaerere
756 1817 815 1861 nec
831 1819 909 1862 cnm
920 1804 1094 1861 ceterorum
1114 1796 1319 1862 relationibus
1336 1816 1529 1879 congruere,

237 1903 350 1966 deinde
373 1923 446 1966 cum
469 1906 568 1988 ipsius
584 1903 667 1968 Livii
690 1907 868 1969 testimonio
892 1911 1020 1988 constet,
1045 1906 1199 1989 quosdam
1221 1905 1303 1966 hanc
1318 1903 1413 1966 Fabii
1430 1923 1530 1988 expe
1563 1982 1564 1985 Ἴ

236 2011 387 2074 ditionem
414 2013 507 2095 plane
542 2014 698 2094 omisisse,
725 2014 856 2077 fortasse
889 2013 1003 2095 licebit,
1036 2033 1105 2077 eam
1133 2013 1365 2097 expeditionem
1402 2032 1465 2096 per
1483 2026 1527 2073 ‘se

236 2118 336 2180 solam
360 2119 563 2182 considerare.
599 2118 681 2181 Livii
696 2118 766 2182 fons
782 2121 879 2203 igitur
897 2121 973 2183 haec
993 2121 1057 2184 fere
1073 2121 1111 2184 de
1132 2139 1168 2183 ea
1183 2120 1353 2182 memoriae
1368 2119 1526 2202 prodidit:

239 2224 273 2300 Q.
297 2225 413 2289 Fabius
437 2246 510 2289 cum
534 2231 683 2309 quattuor
704 2226 834 2291 milibus
856 2228 997 2311 perlitum
1022 2235 1052 2291 et
1075 2229 1224 2291 sescentis
1252 2225 1420 2309 equitibus
1445 2233 1525 2310 post-

238 2352 334 2414 quam
357 2333 389 2394 in
406 2331 567 2394 Etruriam
589 2333 745 2416 profectus
770 2339 824 2415 est,
849 2353 865 2396 e
901 2336 1013 2396 itinera
1038 2340 1156 2417 quanta
1180 2333 1248 2395 fieri
1274 2332 1400 2395 sinebat
1425 2335 1522 2396 hiems

242 2440 403 2502 hauddum
428 2446 549 2520 exacta,
577 2447 614 2503 ut
637 2443 758 2504 animos
782 2443 919 2504 militum
945 2444 1087 2524 erigeret,
1114 2442 1199 2523 fecit,
1222 2440 1354 2503 Romam
1381 2442 1427 2503 ad
1459 2462 1522 2504 con-

237 2549 419 2612 sultandum
449 2548 486 2610 de
513 2548 595 2612 bello
623 2550 722 2612 rediit.
769 2549 942 2632 Imperium
970 2555 1075 2612 autem
1103 2550 1190 2613 illius
1222 2550 1353 2631 legionis
1379 2586 1429 2594 —
1456 2570 1516 2612 nan

237 2673 386 2716 numeros
409 2654 551 2736 peditum
575 2657 781 2738 equitumque
805 2676 884 2738 quos
912 2655 1039 2720 exhibet
1061 2653 1184 2735 Livius,
1208 2655 1246 2716 ad
1267 2656 1431 2738 legionem
1456 2657 1512 2718 refe

236 2761 351 2825 rendos
376 2780 451 2844 esse,
474 2763 565 2825 facile
589 2770 635 2826 est
658 2766 785 2846 cognitu
808 2801 850 2810 -
873 2762 906 2827 L.
932 2762 1071 2846 Scipioni
1094 2744 1238 2844 defertur,
1263 2764 1317 2845 qui
1340 2781 1419 2824 cum
1449 2761 1508 2827 ull

237 2869 443 2932 multitudine
474 2870 596 2952 ingenti
631 2870 669 2932 ad
704 2869 846 2932 Clusium
879 2871 1035 2950 venirent,
1069 2889 1181 2952 parum
1216 2869 1376 2952 explorato
1409 2871 1515 2932 itinere

240 2977 476 3038 circumventus
493 2995 564 3039 cum
576 2982 641 3038 tota
656 2977 779 3058 legione
794 2975 989 3056 interficitur,
1005 2977 1049 3038 ita
1061 2981 1097 3038 ut
1112 2977 1244 3038 nuntius
1256 2993 1319 3036 non
1333 2986 1517 3057 superesset.

240 3080 308 3174 Qpa
337 3083 370 3143 in
398 3083 576 3144 narratione
600 3088 701 3144 certae
729 3083 882 3164 quaedam
910 3102 959 3144 res
982 3083 1062 3144 mihi
1084 3083 1187 3143 inesse
1210 3079 1410 3156 videbantur,
1447 3099 1519 3165 quae

240 3191 506 3273 comparationem
528 3189 679 3252 haberent
702 3209 775 3252 cum
799 3191 843 3252 eis
868 3210 946 3272 quas
974 3190 1071 3252 factas
1095 3208 1162 3251 esse
1186 3190 1218 3249 in
1243 3188 1298 3250 illa
1318 3187 1520 3252 celeberrima

237 3297 407 3360 Fabiorum
430 3298 517 3361 clade
540 3299 615 3360 anni
640 3298 758 3360 27711.
783 3317 807 3360 o.
832 3299 956 3361 scimus.
1004 3298 1051 3360 Ac
1074 3299 1211 3380 primurn
1236 3296 1319 3378 quud
1347 3297 1465 3359 attinet
1488 3295 1518 3358 ad

238 3425 409 3468 nnmerum
431 3407 569 3468 militum
591 3405 726 3488 legimus
750 3405 832 3488 apud
851 3403 1042 3484 Dionysium
1058 3404 1115 3468 IX.
1135 3404 1189 3466 15:
1213 3401 1341 3490 ‘Hyetto
1365 3401 1394 3470 δ’
1411 3403 1520 3473 αὐτῶν

240 3509 374 3598 Μάρκος
406 3509 524 3594 Φάβως
547 3509 565 3578 ὁ
585 3519 634 3600 τῷ
664 3508 861 3596 παρελδόυτι
892 3508 1074 3588 ὑπατεύσας
1107 3513 1172 3578 ἔτει
1198 3515 1251 3578 καὶ
1278 3506 1409 3597 νικήσας
1443 3508 1518 3585 τούς

244 3615 424 3707 Τυῤῥηνούς
450 3627 491 3704 τῇ
518 3616 602 3705 μάχῃ
634 3622 902 3704 τετρακιςχιλίους
929 3615 1089 3703 μάλιστα
1117 3615 1345 3704 §aamercort
1380 3637 1516 3699 quocum

329 3795 353 3862 1)
373 3794 452 3846 Hanc
476 3793 597 3847 fontium
620 3792 808 3848 diversitatem
831 3792 980 3862 respiciens
1003 3792 1095 3846 Livius
1115 3811 1175 3862 cap.
1196 3792 1289 3846 XXVI.
1309 3793 1326 3844 4
1346 3809 1430 3861 opera
1451 3793 1517 3846 data

240 3883 326 3937 adicit
336 3881 450 3937 Decium
470 3899 499 3936 se
513 3881 697 3936 inSamnium
715 3883 758 3937 vel
775 3883 805 3935 in
816 3881 957 3936 Etruriam
976 3881 1113 3952 proficisci
1132 3887 1263 3951 paratum
1283 3899 1341 3936 esse
1357 3882 1516 3936 declarasse.

238 3973 315 4027 Haec
342 3974 385 4026 est
417 3988 501 4024 causa
530 3988 578 4025 cur
605 3974 682 4024 totus
715 3972 867 4041 improbem
902 3970 1126 4026 emendationem
1153 3969 1296 4040 Madwigii
1320 4002 1353 4009 —
1377 3971 1513 4023 emendat.

237 4062 353 4116 Livian²
371 4080 399 4131 p.
419 4062 469 4115 231
490 4094 523 4100 -
544 4061 593 4130 qui
612 4061 695 4115 verba
714 4061 761 4125 „in
780 4060 924 4114 Samnium
943 4061 1003 4114 vel“
1023 4061 1140 4114 delenda
1159 4063 1261 4114 censet.

326 4152 352 4220 2)
371 4149 498 4204 Fortasse
517 4151 592 4204 haud
611 4149 694 4203 nimis
709 4168 726 4203 a
740 4149 857 4204 veritate
877 4151 986 4204 aberres
1005 4149 1029 4202 si
1046 4149 1121 4203 hunc
1134 4148 1296 4217 scriptorem
1307 4149 1417 4202 Aelimn
1430 4147 1513 4200 Tube·

237 4258 332 4295 ronem
356 4240 441 4294 fuisse
468 4241 628 4310 suspiceris,
659 4239 793 4309 quoniam
817 4257 877 4309 cap.
897 4242 913 4294 9
937 4241 953 4309 5
975 4241 1006 4293 10
1030 4238 1112 4308 hujus
1135 4238 1201 4291 libri
1224 4237 1348 4291 Licinius
1371 4241 1399 4291 et
1421 4237 1511 4290 Aelius

238 4331 345 4384 'l'uberc
364 4330 484 4384 interae
503 4330 647 4384 coniuncti
666 4330 827 4384 afferuntur.
880 4387 882 4391 ,

329 4420 354 4487 3)
374 4417 524 4472 Praeterea
543 4418 614 4473 conf.
634 4419 748 4473 Festum
765 4436 793 4487 p.
814 4418 865 4471 335
885 4417 920 4472 M.
940 4436 960 4470 a.
982 4436 1004 4471 v.
1023 4417 1157 4472 scelerata
1175 4419 1270 4489 porta:
1290 4431 1354 4470 cum
1372 4413 1509 4472 clientium

238 4509 352 4560 milibus
372 4507 504 4576 quinque.
