3216 5082
759 301 973 362 ..34..

224 483 317 544 vertit
350 481 390 542 ad
422 479 558 542 eundem
590 485 749 541 auctorem
780 517 818 524 -
843 480 917 542 iude
951 501 969 542 a
997 481 1015 561 ξ
1046 479 1085 540 12
1119 497 1184 561 cap.
1209 478 1307 540 XXV
1331 498 1431 560 usque
1468 477 1507 538 ad

226 589 244 668 ς
263 588 280 648 7
304 589 414 671 capitis
424 585 541 649 XXVI
557 586 753 650 diuersorum
765 589 952 670 scriptorum
968 589 1164 676 narrationes
1182 586 1319 649 referens
1336 588 1507 649 interrum-

224 694 270 776 pit
297 712 402 756 rerum
431 714 511 777 quae
543 695 577 756 in
608 693 737 757 1111111111
767 693 956 777 gerebantur
995 695 1136 757 ordinem
1166 731 1206 740 —
1235 695 1365 777 exponit
1398 691 1507 755 Galles

224 806 326 864 castra
363 801 577 866 Romanorum
616 806 851 884 oppugnaturos
888 801 1009 884 ingenti
1046 802 1250 865 multitudine
1286 801 1325 864 ad
1361 799 1508 863 Clusium

226 911 352 973 venisse
385 908 627 993 Scipionemque
659 909 726 970 leco
761 908 972 990 adjuvandam
1008 910 1195 993 paucitatem
1234 927 1363 970 suorum
1401 912 1507 969 ratum

223 1019 257 1079 in
281 1019 391 1081 collem
416 1018 471 1101 qui
493 1019 575 1079 inter
602 1015 712 1078 urbem
737 1023 767 1079 et
790 1021 890 1078 castra
912 1016 1023 1080 fuisset
1046 1019 1145 1080 aciem
1168 993 1318 1096 erexisse,
1347 1015 1401 1078 sed
1430 1034 1507 1078 eum

223 1126 328 1189 hostes
350 1126 430 1189 illud
442 1127 556 1207 jugum
577 1123 638 1185 alia
652 1130 740 1208 parte
756 1125 895 1207 aggressi
911 1128 1002 1186 antea
1017 1126 1180 1207 cepissent,
1200 1121 1363 1207 legionem
1380 1142 1507 1186 caesam

224 1233 263 1296 ab
286 1241 372 1316 tergo
397 1236 483 1297 etin
511 1232 614 1295 medio
642 1233 898 1294 circumventam.
946 1229 1015 1306 Quo
1039 1232 1146 1294 eloco
1171 1231 1315 1312 sequitur
1344 1238 1505 1294 auctorem

223 1341 318 1403 huius
346 1342 536 1403 narrationis
566 1339 604 1402 de
631 1359 701 1401 una
729 1344 852 1402 tantum
886 1340 1038 1422 cogitasse
1065 1339 1188 1422 legione
1216 1343 1246 1400 et
1273 1339 1506 1422 paragraphum

224 1448 423 1510 undecimam
446 1449 560 1532 prioris
577 1486 617 1493 -
633 1447 683 1510 ⁶25.
701 1485 742 1530 .-
757 1447 866 1529 capitis
882 1448 927 1508 ita
939 1465 1006 1509 esse
1030 1445 1305 1530 interpretandam,
1328 1451 1364 1508 ut
1387 1445 1505 1506 milites

223 1555 378 1618 secundae
401 1556 534 1638 legionis
554 1557 649 1638 eique
673 1555 789 1639 quibus
812 1557 846 1616 in
871 1555 980 1618 eastris
997 1553 1100 1636 Scipio
1123 1558 1265 1636 praeerat
1286 1552 1387 1614 eidem
1406 1552 1505 1614 fuisse

224 1661 374 1724 censendi
397 1663 468 1726 sint.
503 1660 606 1737 Quid?
629 1683 707 1725 num
731 1667 813 1725 recte
837 1662 939 1725 dicere
955 1663 1056 1744 potuit
1080 1665 1187 1722 auctor
1202 1659 1358 1742 paucitate
1373 1679 1503 1722 suorum

223 1775 415 1833 commotum
434 1769 612 1854 Scipionem
635 1772 669 1832 in
693 1770 804 1832 collem
828 1771 925 1832 aciem
950 1768 1141 1833 subduxisse
1164 1770 1190 1831 si
1214 1770 1292 1831 duas
1315 1769 1453 1852 legiones
1475 1774 1505 1830 et

222 1884 342 1961 praeter
367 1897 419 1941 eas
444 1879 584 1961 quinque
608 1877 773 1940 dumtaxat
795 1877 884 1939 milia
912 1876 1023 1939 duxit?
1051 1875 1158 1938 Huius
1185 1878 1281 1959 igitur
1308 1877 1369 1938 loci
1396 1881 1505 1938 auctor

224 2023 265 2032 —
289 2005 364 2048 nam
388 1987 465 2048 alios
489 1986 579 2048 aliter
601 2003 746 2048 narrasse
769 1983 903 2046 subinde
926 1983 1086 2067 apparebit
1110 2021 1151 2030 -
1175 2002 1233 2045 nec
1261 1983 1300 2046 de
1327 1982 1503 2066 legionibus

223 2091 261 2155 ab
277 2093 380 2175 Appio
396 2093 512 2156 relictis
528 2093 702 2175 quidquam
721 2097 915 2175 compertum
931 2090 1064 2153 habebat
1082 2108 1185 2172 neque
1204 2090 1329 2152 eosdem
1344 2091 1503 2174 legionum

223 2218 373 2263 numeros
403 2219 481 2282 quos
509 2201 543 2261 in
571 2200 672 2282 eapite
699 2198 813 2262 XVIII
840 2199 949 2262 Livius
977 2203 1129 2279 recenset,
1157 2199 1188 2258 in
1218 2197 1383 2260 narrandis
1409 2198 1502 2272 rebus

221 2305 364 2369 Etruscis
397 2308 556 2388 attulerat,
590 2306 645 2368 sed
677 2308 781 2389 potius
814 2305 903 2368 Fabii
935 2306 1089 2388 legionem
1123 2307 1294 2369 secundam
1322 2309 1501 2370 nominasse

221 2413 353 2476 videtur.
400 2411 522 2476 Deinde
546 2418 651 2476 autem
676 2449 717 2458 -
740 2433 862 2497 paragr.
883 2414 922 2475 10
947 2433 1010 2497 cap.
1030 2413 1070 2474 26
1096 2451 1137 2458 -
1163 2414 1249 2477 addit
1264 2413 1374 2476 Livius
1393 2435 1500 2496 „quos-

222 2519 311 2582 (111111ιί
336 2539 403 2583 esse
428 2520 633 2604 „auctores“¹)
659 2526 745 2583 tanta
773 2521 861 2583 clade
885 2539 953 2583 esse
974 2521 1123 2583 afflictam
1139 2522 1303 2604 legionem,
1318 2531 1355 2585 ut
1371 2526 1499 2586 nuntius

222 2647 287 2689 non
311 2633 493 2710 superesset.
530 2631 578 2690 Ac
600 2629 702 2711 prima
726 2627 855 2710 quidem
880 2629 983 2710 speeie
1003 2628 1144 2709 judicare
1167 2631 1268 2712 possis
1291 2649 1371 2712 quae
1390 2630 1498 2693 indea

221 2735 414 2818 paragrapho
438 2735 558 2797 decima
581 2737 722 2818 exposita
745 2739 828 2815 sunt,
852 2754 892 2797 ex
909 2735 969 2797 alio
994 2737 1143 2818 scriptore
1164 2737 1328 2819 desumpta
1348 2756 1425 2819 esse,
1450 2737 1493 2801 sed

223 2842 251 2903 si
279 2839 388 2903 verba:
423 2843 483 2922 „ita
515 2861 604 2905 caesa
632 2863 650 2904 a
677 2848 763 2925 tergo
796 2840 882 2926 legio
916 2847 1010 2925 atque
1039 2881 1079 2888 —
1109 2845 1340 2906 circumventa‘
1373 2845 1495 2928 respicis

220 2946 310 3009 facile
334 2948 390 3010 tibi
413 2948 615 3031 persuadebis
640 2970 720 3032 quae
747 2952 857 3012 insunt
884 2951 1087 3034 paragraphis
1113 2951 1161 3013 10.
1186 2956 1217 3012 et
1242 2951 1290 3012 11.
1315 2971 1387 3015 oum
1417 2959 1497 3014 ante

223 3055 407 3118 cedentibus
432 3057 595 3119 cohaerere
619 3064 649 3120 et
676 3057 747 3120 illos
772 3058 943 3141 „quosdam
969 3060 1127 3121 auctorest
1150 3059 1336 3141 paragraphi
1364 3059 1498 3121 decimae

222 3183 286 3224 non
310 3165 453 3247 scriptori
477 3165 599 3246 opponi,
626 3167 679 3246 qui
705 3185 785 3247 quae
810 3167 847 3246 §S
865 3166 949 3228 7-9
972 3167 1173 3228 continentur
1193 3167 1427 3248 conscripserat,
1447 3167 1497 3228 sed

223 3271 267 3333 eis
297 3272 486 3353 auctoribus,
515 3273 570 3354 qui
599 3271 637 3334 ab
666 3271 805 3354 Umbris,
833 3292 897 3334 non
922 3293 939 3334 a
964 3271 1062 3334 Gallis
1086 3273 1167 3334 hanc
1195 3273 1315 3335 cladem
1343 3279 1497 3357 acceptam

222 3398 290 3441 esse
306 3380 506 3442 tradiderant.
530 3379 603 3442 Jarn
620 3384 769 3462 superest,
785 3386 821 3443 ut
837 3397 993 3462 quaenam
1010 3380 1050 3440 sit
1065 3382 1143 3442 ratio
1160 3381 1241 3442 inter
1256 3381 1337 3442 hanc
1352 3379 1498 3442 Invianao

221 3487 409 3548 narrationis
432 3493 551 3570 partem
575 3494 605 3550 et
628 3506 680 3549 eas
703 3487 912 3570 paragraphos
938 3488 1053 3567 quibus
1076 3485 1185 3550 Livius
1209 3489 1275 3570 ipse
1302 3493 1435 3550 testatur
1458 3525 1497 3532 —

220 3590 296 3653 inde
320 3612 338 3652 a
361 3592 379 3672 ξ
398 3592 437 3654 12
462 3613 526 3677 cap.
544 3595 585 3655 25
604 3631 645 3638 -
663 3595 681 3674 ξ
701 3593 718 3654 6
745 3613 809 3675 cap.
828 3593 868 3654 26
894 3631 934 3636 -
961 3593 1094 3655 aliorum
1118 3612 1151 3656 se
1173 3594 1303 3657 reddere
1325 3596 1498 3676 relati0nes,

220 3700 389 3783 inquiram.
436 3702 484 3762 Ao
516 3703 653 3784 primum
686 3721 757 3763 cum
790 3721 901 3786 causas
930 3719 986 3763 cur
1019 3700 1134 3764 Fabius
1161 3701 1293 3765 Romam
1330 3707 1497 3784 reverterit,

222 3809 358 3889 exponit,
381 3808 414 3868 in
441 3807 599 3870 diversum
624 3813 765 3870 auctores
789 3807 911 3869 trahere
935 3807 1009 3871 dicit
1032 3814 1140 3870 utrum
1163 3829 1220 3870 sua
1244 3815 1354 3892 sponte
1373 3811 1498 3875 redierit

222 3934 261 3976 an
285 3920 412 3977 senatus
437 3915 579 3977 consulto
604 3917 720 3978 accitus
744 3917 791 3977 sit.
839 3913 899 3976 Sed
922 3916 999 3978 haec
1019 3915 1182 3978 diversitas
1201 3917 1333 3980 minoris
1348 3922 1495 3982 moment

222 4027 275 4083 est.
305 4021 384 4084 Tum
409 4029 513 4084 autem
536 4021 610 4084 inde
634 4042 652 4082 a
676 4026 693 4102 ξ
712 4022 752 4082 13
776 4023 938 4104 usquead
964 4023 1192 4105 paragraphum
1214 4029 1359 4105 quartam
1376 4045 1439 4108 cap.
1457 4027 1495 4087 26

221 4129 349 4192 uberius
373 4130 497 4192 disserit
513 4130 550 4192 de
571 4130 660 4192 tertia
677 4131 834 4210 relatione,
859 4151 921 4213 qua
942 4129 979 4192 ab
996 4131 1099 4213 Appio
1117 4129 1255 4212 claudio,
1278 4134 1333 4214 qui
1349 4135 1493 4196 orationi-

314 4377 338 4444 1)
358 4377 414 4430 Alii
429 4377 489 4446 jam
507 4381 582 4432 recte
602 4378 807 4430 adnotaverunt
816 4378 913 4432 veluti:
938 4377 1090 4442 Nissenius,
1101 4377 1495 4449 KritischeUntersuchungen

221 4486 247 4534 p.
267 4468 309 4520 47.
330 4466 472 4520 Olasonius
495 4467 559 4521 hist.
584 4467 697 4519 Roman.
722 4467 753 4520 11.
775 4467 808 4520 39
833 4467 970 4536 pluralem
994 4486 1139 4525 numerum
1164 4469 1199 4526 ad
1222 4487 1308 4526 unum
1333 4468 1493 4542 scriptorem

223 4555 395 4610 referendum
415 4573 481 4610 esse.
