3208 5072
749 231 966 293 --68-

304 410 353 473 Ne
369 409 509 474 Zonarae
529 411 589 493 ipsi
605 410 690 472 himo
705 427 842 472 errorem
858 407 987 488 tribuas,
1011 407 1120 488 obstat,
1144 407 1227 490 quod
1243 408 1295 470 hic
1311 409 1469 492 epitomator

214 518 329 582 latinos
353 523 497 580 auctores
520 535 585 579 non
608 517 643 578 in
666 536 761 580 usum
785 515 948 596 vocavit1).

303 622 378 686 Jam
406 623 553 706 quamvis
580 624 657 686 anni
684 623 846 706 sequentis
874 641 924 685 res
947 620 1085 686 Zonaras
1112 623 1311 702 coartaverit,
1338 627 1436 684 tamen
1454 621 1473 680 si

215 731 297 794 hane
328 731 485 814 epitomen
518 749 591 794 cum
618 729 701 793 Iivii
734 731 914 794 narratione
946 748 1108 813 comparas
1141 734 1172 792 et
1203 748 1240 792 ea
1272 749 1354 812 quae
1384 727 1474 792 Livius

215 856 280 921 cap.
299 837 339 899 37
365 837 384 917 §
410 837 540 898 13—16
574 836 612 900 de
643 836 730 900 illius
764 838 840 899 anni
867 855 980 920 parum
1008 836 1164 898 constanti
1191 837 1343 898 memoria
1371 835 1475 897 disserit

215 946 321 1008 animo
343 943 471 1028 pendes
495 946 590 1008 etiam
613 944 665 1007 hie
688 943 862 1008 diiudicare
884 945 1010 1028 poteria,
1033 963 1203 1027 quemnam
1219 941 1279 1006 Dio
1297 949 1421 1007 secutus
1441 943 1477 1005 sit.

213 1049 321 1114 Refert
348 1052 432 1114 enim
457 1049 595 1114 Zonaras
611 1051 746 1116 Atilium
769 1050 927 1134 Regulum
951 1053 984 1113 in
1006 1049 1133 1114 Samnio
1156 1069 1206 1114 res
1228 1053 1363 1134 gessisse
1387 1057 1416 1114 et
1436 1050 1478 1112 ali·

215 1159 368 1244 quamdiu
397 1178 497 1243 aequo
520 1158 622 1222 Marte
649 1178 727 1226 cum,
747 1157 940 1222 Samnitibus
968 1175 1139 1242 pugnasse,
1167 1163 1235 1221 tum
1260 1178 1278 1222 a
1301 1156 1480 1222 Samnitibus

214 1269 335 1331 vietum
366 1287 478 1331 rursus
505 1269 727 1350 imperatorem
754 1265 931 1330 Romanum
962 1268 1058 1330 aruris
1085 1267 1278 1349 superiorem
1307 1266 1480 1343 discessisse,

310 1461 330 1531 ¹)
348 1461 379 1514 Id
407 1459 578 1515 Schmidtius
605 1459 675 1514 mihi
702 1459 832 1529 probavit
860 1458 1098 1515 commentatione
1126 1476 1188 1512 sna:
1224 1458 1275 1512 Die
1304 1460 1419 1525 Quelleu
1444 1459 1481 1510 des

214 1549 347 1614 Zonaras,
373 1567 445 1619 quae
467 1549 551 1604 hodie
573 1548 678 1619 legitur
700 1547 730 1602 in
753 1552 831 1604 serto
854 1549 994 1604 volumine
1018 1547 1149 1604 editionis
1167 1548 1291 1602 Zonaras
1314 1565 1332 1601 a
1353 1546 1482 1602 Dindorio

215 1641 330 1693 curatae
354 1656 380 1708 p.
395 1638 438 1692 58.
463 1671 497 1678 -
521 1637 560 1692 Ut
581 1638 657 1692 hunc
683 1637 805 1692 auctoris
824 1638 947 1692 Zonaras
970 1654 1091 1692 errorem
1113 1634 1331 1706 probabiliorem
1353 1635 1483 1692 redderem

214 1729 284 1784 alios
313 1729 449 1799 indagare
473 1729 620 1783 studebam
645 1729 737 1792 locos,
761 1727 862 1798 quibus
885 1727 996 1798 saepius
1019 1726 1150 1781 accidisse
1168 1731 1201 1781 nt
1219 1725 1368 1796 scriptores
1387 1721 1485 1791 antiqui

215 1819 289 1873 male
308 1819 454 1873 redderent
472 1818 576 1884 fontes,
596 1819 824 1873 demonstrarem.
862 1819 902 1871 Ac
920 1819 990 1872 duos
1009 1818 1083 1887 apud
1102 1817 1237 1871 Zonaram
1256 1816 1326 1870 mihi
1343 1814 1484 1887 repperisse

217 1907 319 1962 videor.
362 1908 482 1962 Zonaras
502 1907 594 1978 capite
614 1908 648 1962 23
666 1907 731 1961 libri
754 1906 875 1976 septimi,
900 1925 956 1977 quo
979 1907 1041 1962 loco
1061 1906 1232 1976 Capitolium
1254 1923 1344 1976 paene
1368 1923 1387 1960 a
1410 1901 1485 1959 Gallis

214 2000 331 2066 captum
349 2015 407 2052 esee
427 1997 517 2062 refert,
537 1997 607 2052 haee
626 1997 750 2052 exhibet:
771 2002 815 2050 καὶ
834 1995 936 2050 ἔλαθον
952 1994 986 2049 ἂν
1005 2029 1039 2036 -—
1058 1995 1223 2064 ἐπιθέμενοι,
1242 1991 1267 2048 εί
1283 1996 1320 2063 μὴ
1336 1996 1413 2062 χῆνες
1429 1985 1485 2060 ἦσαν

213 2091 275 2158 περὶ
293 2087 342 2139 τόν
364 2087 432 2140 νεὼν
454 2087 500 2154 τῆς
516 2084 602 2156 Ἥρας
624 2087 782 2156 τρεφόμενοι
806 2087 835 2138 οΐ
861 2087 953 2154 φόσει
977 2084 1071 2143 ὅντες
1094 2085 1290 2152 εόαίσθητοι
1314 2090 1365 2138 καί
1391 2101 1484 2154 ψοφο-

214 2171 296 2231 δεεῖς
327 2175 394 2242 ταχό
425 2177 480 2228 τῶν
508 2174 641 2228 Γαλατῶν
672 2174 722 2242 τὴν
750 2173 848 2244 ἔφοδον
874 2173 995 2247 ᾔσθοντο
1022 2173 1076 2228 ατί..
1128 2175 1234 2230 Auctor
1260 2173 1343 2243 hujus
1371 2172 1427 2228 loei
1451 2173 1486 2224 est

213 2264 394 2328 Plutarchus,
423 2266 498 2334 apud
526 2283 610 2334 quem
637 2265 667 2319 in
695 2265 755 2319 vita
777 2265 888 2318 Camilli
907 2283 968 2335 cap.
988 2266 1021 2319 27
1050 2265 1120 2319 haec
1148 2265 1291 2335 leguntur:
1319 2263 1421 2338 ᾔσθετο
1443 2261 1485 2331 γὰρ

213 2351 267 2407 οἵτ’
288 2350 436 2423 ἄνθρωπος
454 2353 514 2407 οἵτε
533 2355 612 2417 κόων,
631 2353 699 2408 ἁλλὰ
715 2357 790 2422 χῆνες
803 2347 871 2422 ἦσαν
886 2351 951 2423 ἱεροὶ
965 2359 1026 2424 περὶ
1041 2355 1089 2407 τόν
1103 2354 1170 2407 νεὼν
1183 2354 1322 2426 τῆςἭρας
1337 2357 1486 2425 τρεφόμενοι
1556 2379 1557 2384 =

213 2443 262 2496 τόν
290 2439 372 2496 ἄλλον
399 2443 494 2513 χρόνον
522 2444 663 2512 ἀφθόνοις,
692 2444 754 2496 τότε
779 2442 807 2496 di
830 2447 886 2495 τίόν
908 2446 999 2496 σιτίων
1022 2442 1071 2511 ’ήδη
1093 2442 1217 2518 γλίσχρως
1240 2450 1285 2498 καὶ
1307 2443 1383 2513 μόλις
1407 2443 1487 2498 αὐτοῖς

216 2530 396 2604 όιαρνοόντων
424 2532 599 2602 ἀμελσόμενοι
627 2536 713 2590 κακῶς
736 2533 877 2604 ἔπραττον.
915 2532 988 2587 ’Ἐστι
1012 2535 1062 2602 μὲν
1088 2527 1136 2588 σόν
1157 2540 1203 2588 καί
1226 2535 1317 2603 φόσει
1340 2537 1422 2607 πρὸς
1444 2535 1486 2586 αί-

213 2625 333 2689 σθησιν
352 2623 404 2687 όξί
427 2629 482 2677 καὶ
501 2622 663 2694 ψοφοδεὲς
681 2625 716 2677 τό
738 2625 830 2693 ζῷον,
854 2624 949 2678 ἐκεῖνοι
968 2623 996 2677 (li
1014 2630 1059 2678 καὶ
1079 2622 1122 2678 διὰ
1141 2624 1220 2694 λιμόν
1238 2626 1431 2698 ἀγρυπνητικοὶ
1449 2627 1486 2678 καί

212 2709 376 2783 θορυβώδεις
400 2713 535 2784 γεγονότες
558 2712 612 2766 ατί.
655 2714 804 2769 Praeterea
827 2713 987 2768 conferatur
1010 2713 1134 2783 ejusdem
1157 2715 1302 2769 Plutarchi
1325 2715 1437 2770 libellus
1458 2713 1487 2766 de

214 2800 279 2855 fort.
298 2801 415 2856 Roman.
435 2804 554 2872 eup.12:
573 2805 647 2870 χῆνες
665 2799 730 2872 ίεροὶ
749 2809 809 2873 περὶ
828 2803 876 2856 τόν
896 2803 961 2856 νεὼν
979 2805 1025 2871 τῆς
1038 2801 1122 2872 Ἥρας
1140 2802 1280 2875 ἐτρέφοντο
1299 2806 1489 2873 θεραπεύοντες

213 2889 264 2958 τὴν
291 2891 366 2943 θεόν.
415 2892 514 2945 Φόσει
540 2893 602 2961 μίν
629 2886 685 2946 σόν
712 2893 747 2945 τό
777 2893 856 2960 ζῷον
884 2893 1112 2964 εὐθορύβητόν
1139 2892 1207 2946 ἐστι
1235 2898 1289 2946 καὶ
1318 2892 1486 2962 ψοφοδεὲς,

213 2978 274 3032 τότε
294 2975 322 3032 δὲ
340 2979 467 3032 συντόνου
485 2986 546 3051 περὶ
565 2982 626 3038 τοός
644 2980 720 3034 ἔνόον
739 2980 815 3048 οόσης
834 2981 947 3049 ἀπορίας
966 2980 1152 3050 ἀμελουμένων
1171 2981 1262 3036 αὐτῶν
1279 2981 1375 3039 λεπτός
1393 2975 1427 3050 ἦν
1446 2983 1485 3034 καὶ

213 3063 329 3136 λιμὼόης
347 3066 362 3119 ό
381 3062 464 3124 ίπνος
482 3067 548 3122 ὥστε
566 3091 589 3122 κ.
609 3090 632 3122 τ.
652 3068 674 3122 λ.

302 3156 415 3210 Frustra
433 3157 528 3212 autem
548 3159 624 3227 apud
642 3159 712 3213 alios
727 3162 863 3224 auctores,
884 3159 933 3228 qui
948 3160 1020 3213 hanc
1034 3177 1093 3214 rem
1107 3164 1290 3215 narraverunt
1304 3193 1337 3200 -
1353 3160 1415 3214 dico
1429 3157 1487 3214 Dio·

213 3244 312 3298 dorum
330 3243 400 3297 XIV.
420 3246 479 3311 116,
498 3245 607 3302 Livium
621 3247 653 3302 V.
668 3249 702 3302 47
722 3250 738 3318 ᾖ
753 3247 769 3301 3
788 3251 817 3302 et
831 3250 857 3313 4,
876 3246 1039 3317 Dionysium
1058 3249 1128 3302 XIH.
1145 3251 1159 3302 7
1175 3249 1216 3314 K,
1232 3249 1356 3303 Cassium
1374 3249 1487 3304 Dionem

212 3333 295 3387 XXV.
315 3333 340 3387 8.
368 3332 450 3388 Dind.
479 3367 513 3375 -
542 3336 626 3390 verba
656 3336 730 3406 typis
761 3336 898 3408 insignita
929 3354 1052 3406 quaeres
1104 3337 1191 3407 Atqui
1219 3338 1312 3393 Livius
1334 3339 1352 3392 l.
1375 3339 1393 3392 1.
1422 3340 1487 3392 haec

213 3421 322 3476 scribit:
353 3426 449 3487 ,tanto
473 3425 585 3480 silentio
608 3425 638 3480 in
661 3444 800 3480 summum
823 3444 944 3490 evasere,
968 3429 1001 3480 ut
1022 3443 1079 3481 non
1099 3429 1227 3483 custodes
1247 3429 1336 3482 solum
1354 3428 1486 3486 fallerent,

213 3513 313 3568 sedne
333 3531 415 3568 canes
434 3515 547 3584 quidem
565 3522 700 3568 collibitum
719 3522 822 3568 animal
838 3523 875 3568 ad
891 3517 1033 3569 nocturnos'
1046 3523 1168 3585 strepitus
1182 3518 1345 3574 excitarent.
1374 3518 1486 3572 Anseres

213 3620 271 3657 non
290 3601 420 3668 fefellere,
441 3604 542 3673 quibus
562 3605 646 3660 sacris
665 3605 782 3660 lunonis
800 3606 830 3660 in
849 3624 958 3660 summa
975 3604 1073 3675 inopia
1092 3606 1147 3660 cibi
1165 3610 1260 3662 tamen
1279 3605 1484 3661 abstinebatur*

213 3691 287 3745 unde
305 3691 475 3762 perspicitur
493 3694 579 3747 verba
597 3711 668 3762 quae
688 3695 723 3747 ad
742 3711 825 3748 canes
844 3694 940 3749 referri
958 3695 1019 3749 vult
1038 3693 1131 3749 Livius
1150 3728 1183 3734 -
1203 3699 1235 3749 ut
1253 3695 1295 3749 ait
1310 3693 1416 3748 Ennius
1435 3693 1485 3747 inc.

213 3781 269 3836 sed.
293 3781 363 3852 frag.
382 3782 468 3836 LXIII
485 3783 517 3837 V.
541 3783 661 3838 invictus
689 3783 766 3838 canis
794 3788 880 3853 atque
908 3801 993 3854 sagax
1021 3788 1050 3839 et
1077 3783 1181 3838 viribus
1204 3785 1291 3840 fretus
1315 3817 1348 3824 -—
1371 3785 1486 3838 fortasse

213 3869 301 3925 oculis
328 3872 365 3924 ad
391 3871 478 3926 alium
504 3890 615 3927 versum
643 3872 837 3927 aberrantibus
861 3873 897 3926 ad
920 3890 1031 3928 anseres
1054 3873 1194 3943 pertinere
1213 3872 1396 3927 Plutarchum
1418 3868 1485 3924 arbi-

213 3961 321 4012 tratum
343 3977 410 4014 esse.
447 3960 542 4030 Neque
566 3961 640 4015 enim
664 3961 788 4015 dubitari
809 3964 905 4031 potest
923 3961 992 4030 quin
1011 3961 1100 4016 verbis
1119 3968 1165 4014 καὶ
1184 3963 1258 4032 φύσει
1276 3963 1343 4033 πρὸς
1361 3962 1485 4028 αἴσθησιν

213 4045 259 4110 ὀξὺ
286 4053 331 4100 καὶ
359 4047 488 4118 ψοφοδεὲς
515 4049 547 4102 τὸ
575 4049 642 4117 ζῷον
664 4055 772 4104 νεοίατο
793 4050 913 4104 voluerit
937 4050 1104 4105 Plutarchus
1135 4051 1302 4118 ,sollicitum
1325 4051 1429 4105 animal
1452 4050 1484 4104 ad

213 4141 364 4192 nocturnos
383 4138 542 4207 strepitus‘.
563 4171 596 4179 -
614 4139 758 4193 Invenitur
775 4139 805 4192 in
823 4139 877 4193 hoc
895 4139 1040 4194 Plutarchi
1057 4141 1131 4200 loco,
1152 4157 1235 4208 quem
1254 4157 1338 4210 supra
1357 4137 1484 4210 exscripsi

213 4227 284 4281 alius
302 4245 378 4282 error
395 4226 505 4283 incuria
522 4228 634 4298 legendi
654 4232 739 4306 ortus.
768 4229 934 4283 Plutarchus
954 4248 1017 4284 eum
1036 4229 1181 4285 scriberet:
1200 4229 1261 4283 τότε
1280 4229 1307 4283 δὲ
1326 4231 1380 4283 τῶν
1398 4233 1484 4282 σιτίων

213 4313 262 4383 ἤδη
280 4314 404 4388 γλίσχρους
422 4324 466 4369 καὶ
484 4316 560 4386 μόλις
578 4318 668 4376 αὐτοῖς
687 4316 868 4389 διαρκούντων
886 4316 1061 4387 ἀμελοίμενοι
1080 4322 1166 4376 κακῶς
1184 4319 1326 4388 ἔπραττον,
1345 4319 1375 4373 in
1394 4319 1483 4374 animo

213 4406 348 4469 habebat,
377 4424 448 4475 qnae
476 4406 569 4460 Irivius
593 4424 616 4462 e.
635 4408 670 4462 47
695 4407 746 4475 §4
774 4406 897 4462 exhibet:
929 4407 1045 4475 ,quibus
1073 4408 1158 4462 sacris
1185 4408 1303 4463 lunonis
1327 4409 1355 4462 in
1379 4426 1484 4463 summa

212 4494 310 4562 inopia
333 4494 386 4550 cibi
412 4499 507 4551 tamen
531 4495 753 4563 abstinebatum,
779 4497 825 4554 sed
848 4500 881 4554 ut
905 4501 1022 4574 apparet
1046 4515 1078 4558 ex
1103 4498 1192 4558 verbis
1211 4497 1383 4576 ἀμελούμενοι
1402 4501 1484 4565 κακῶς
