3134 5082
478 1015 746 1124 ductores
789 1011 994 1124 Graeci.

590 1214 626 1308 1)
664 1211 889 1310 roquos.

186 1369 277 1454 Piget
299 1376 396 1434 totam
418 1377 587 1435 retractare
604 1374 827 1456 quaestionem
852 1392 1022 1455 quemnam
1037 1373 1156 1436 fontem
1172 1371 1324 1454 Polybius
1340 1375 1374 1434 in

85 1476 251 1560 capitibus
277 1478 407 1540 17-23
430 1476 503 1541 libri
530 1479 660 1542 secundi
689 1478 873 1542 adhibuerit.
924 1477 1007 1541 Nam
1033 1478 1098 1541 fere
1124 1479 1207 1541 inter
1234 1497 1343 1542 omnes
1352 1478 1373 1558 1)

86 1590 219 1648 constat
241 1585 411 1666 Polybium
438 1587 471 1648 in
495 1587 550 1649 illo
574 1605 712 1650 excursu
735 1586 774 1649 de
796 1587 1031 1650 incursionibus
1057 1585 1219 1651 Gallorum
1241 1586 1374 1650 Fabium

86 1693 354 1775 antiquissimum
370 1692 585 1757 Romanorum
608 1695 792 1777 scriptorem
808 1699 951 1757 secutum
968 1713 1044 1776 esse,
1068 1695 1184 1778 qnippe
1200 1695 1256 1778 qui
1271 1694 1310 1757 de
1325 1695 1374 1757 his

85 1799 190 1863 rebus
214 1803 481 1865 accuratissimam
504 1802 632 1865 haberet
654 1803 873 1886 cognitionem.
912 1803 961 1865 Ao
985 1823 1178 1886 quamquam
1202 1803 1374 1866 conceden-

87 1908 172 1969 dum
200 1913 259 1987 est,
287 1927 306 1970 a
328 1906 460 1989 Polybio
484 1907 573 1972 Fabii
601 1911 812 1971 narrationem
840 1911 874 1971 in
902 1908 1122 1992 compendium
1145 1910 1274 1972 missam
1298 1927 1374 1990 6666,

86 2021 199 2078 tamen
235 2014 366 2098 quilibet
398 2035 438 2077 ex
470 2017 520 2078 his
553 2016 707 2100 capitibus
741 2020 895 2100 quantum
928 2016 1051 2078 intersit
1078 2017 1162 2078 inter
1189 2019 1374 2080 vetustiores

91 2124 264 2186 annalium
291 2125 456 2207 scriptores
485 2131 516 2187 61
542 2144 594 2188 666
624 2126 679 2207 qui
707 2123 813 2188 Sullae
841 2130 940 2187 aetate
967 2122 1155 2205 floruerunt,
1189 2144 1375 2207 cognoscere

86 2236 211 2314 potest:
237 2250 310 2293 cum
325 2229 435 2294 Livius
459 2231 516 2294 hos
540 2238 665 2294 secutus
690 2233 813 2314 copiose
836 2250 885 2294 res
906 2235 1051 2314 exponat,
1075 2231 1197 2313 antiqui
1218 2250 1375 2294 summam

88 2357 202 2400 rerum
239 2337 468 2400 adumbrabant
505 2341 605 2422 magis
638 2358 734 2420 quarn
774 2339 914 2422 singulas
946 2357 996 2400 res
1030 2336 1241 2421 explicabant3
1280 2344 1375 2422 atque

89 2445 205 2511 eodem
232 2443 365 2526 Polybio
394 2445 473 2508 duce
501 2467 595 2529 quam
623 2465 769 2529 perverse
797 2447 942 2509 nonnulli
965 2445 1057 2525 viri2)
1086 2447 1168 2509 docti
1196 2466 1269 2508 cunr
1297 2467 1374 2532 gens

89 2551 193 2616 Fabia
216 2554 335 2616 decimo
351 2551 433 2616 Livii
456 2553 536 2616 libro
564 2555 732 2638 praeclaris
756 2554 903 2617 laudibus
924 2552 1106 2636 celebretur,
1130 2553 1260 2617 Fabium
1277 2555 1375 2619 luisse

91 2660 178 2723 Livii
202 2660 320 2723 fontem
344 2661 571 2740 contenderint,
594 2661 746 2724 videmus.
773 2699 814 2706 -

185 2765 258 2829 Jam
291 2769 441 2850 quoniam
474 2767 694 2850 disputationis
728 2786 816 2829 meae
848 2786 973 2829 summa
1006 2768 1045 2828 ad
1078 2787 1114 2830 ea
1141 2773 1265 2830 tantum
1292 2768 1375 2831 bella

91 2880 222 2958 spectat,
247 2895 327 2958 quae
351 2877 470 2938 decimo
494 2873 577 2938 livii
600 2874 680 2938 libro
705 2876 913 2956 continentur,
935 2875 1199 2959 proficiscendum
1223 2882 1278 2956 est,
1301 2877 1375 2940 inde

92 3003 113 3043 a
148 2981 258 3065 primis
296 2983 499 3066 paragraphis
538 2983 647 3066 capitis
685 2982 921 3044 undevicesimi.
983 2980 1136 3062 Polybius
1171 2988 1277 3045 autem
1310 2983 1375 3046 fere

92 3089 173 3150 haec
204 3095 322 3152 narrat:
363 3088 451 3168 Galli
481 3109 537 3172 per
569 3091 698 3172 triginta
730 3109 829 3151 annos
857 3108 966 3172 pacem
994 3095 1134 3171 agentes,
1167 3108 1240 3157 cunr
1263 3111 1374 3156 rursus

94 3195 180 3258 Galli
195 3196 392 3280 Transalpini
415 3217 502 3260 arma
525 3203 695 3276 moverent,
718 3197 810 3259 veriti
833 3215 874 3258 ne
896 3215 992 3279 grave
1016 3215 1088 3258 cum
1104 3197 1143 3258 iis
1160 3197 1375 3259 exardesceret

92 3302 227 3383 bellum,
260 3303 342 3366 dona
372 3303 505 3368 ferentes
539 3311 569 3366 et
601 3305 905 3388 consanguinitatem
934 3308 1152 3386 praetexentes
1181 3324 1199 3365 a
1232 3322 1265 3366 se
1297 3305 1373 3387 ipsis

92 3412 249 3494 impetum
282 3431 391 3474 eorum
424 3417 617 3490 averterunu
654 3411 707 3474 sed
740 3430 792 3473 eos
824 3412 859 3472 in
890 3409 1048 3473 Romanos
1080 3410 1288 3493 impulerunt,
1323 3414 1373 3474 oui

94 3519 290 3602 expeditioni
313 3527 342 3582 et
365 3521 425 3603 ipsi
448 3520 665 3582 interfuerunt.
712 3515 996 3581 Proficiscebantur
1018 3537 1074 3600 per
1096 3516 1256 3580 Etruriam
1280 3523 1375 3600 atque

93 3629 189 3690 Tusci
217 3648 290 3690 cum
317 3629 361 3691 eis
390 3647 457 3692 sese
485 3629 727 3690 coniunxerunt.
779 3625 927 3709 Magnam
956 3645 1028 3688 cum
1056 3628 1089 3687 in
1118 3625 1236 3688 finibus
1259 3624 1373 3688 Roma-

94 3755 211 3798 norum
234 3736 381 3818 praedam
404 3736 558 3816 fecissent,
581 3735 695 3818 integri
719 3754 759 3797 ex
782 3735 846 3797 illis
871 3734 998 3817 quidem
1018 3740 1193 3813 evaserunt,
1218 3734 1272 3796 sed
1288 3733 1373 3797 domi

190 3966 209 4035 ¹)
229 3965 327 4019 Confer
338 3965 657 4035 praecipueMornmseni
667 3963 942 4017 commentationem:
956 3963 1015 4028 „die
1025 3961 1370 4032 gallischeXatastrophe“

95 4056 138 4109 in:
166 4055 244 4109 nom.
263 4056 462 4124 Forschungen
484 4057 506 4108 11
524 4075 551 4124 p.
567 4054 618 4108 356
638 4071 662 4107 a.
684 4054 742 4108 104.
775 4053 923 4107 Praeterea
941 4052 1076 4106 Nitzschii
1093 4051 1207 4105 librum:
1227 4051 1373 4106 Romische

96 4146 258 4199 Annalistilr
275 4165 303 4216 p.
319 4149 382 4209 277;
410 4147 440 4200 B.
461 4145 548 4200 Niesii
572 4143 838 4198 commentationem
860 4143 890 4196 in
913 4143 1032 4197 Hermae
1050 4143 1103 4197 vol.
1122 4143 1192 4196 Xlll.
1212 4160 1239 4210 p.
1254 4142 1314 4196 402.
1339 4174 1372 4181 -

98 4236 190 4289 Aliam
220 4237 361 4306 professus
390 4240 432 4290 est
462 4235 632 4291 senteutiam
659 4235 797 4304 Ungerus,
832 4235 881 4302 qui
910 4233 1028 4288 Graecos
1056 4235 1184 4287 auctores
1212 4249 1229 4284 a
1255 4231 1372 4300 Polybio

96 4329 241 4394 excerptos
259 4328 351 4394 putat,
371 4325 411 4377 in:
437 4323 690 4394 Sitzungsberichte
710 4323 757 4376 der
776 4323 887 4392 Klinigl.
907 4321 975 4375 bair.
996 4321 1144 4376 Academia
1164 4321 1188 4374 d.
1200 4319 1243 4373 W.
1263 4319 1373 4389 philos.-

97 4412 195 4482 philol.
216 4413 308 4467 Classe
330 4413 396 4466 1876
416 4432 442 4482 p.
460 4413 511 4466 563
531 4411 607 4466 etin
626 4410 765 4480 philologi
784 4410 925 4464 volumine
943 4409 1063 4462 XXXIX.
1083 4429 1110 4478 p.
1126 4410 1160 4463 69
1179 4427 1238 4476 sqq.

189 4502 210 4570 2)
230 4501 397 4570 Schwegler:
417 4501 482 4555 hist.
503 4501 618 4554 Roman.
639 4501 658 4564 1,
678 4518 704 4569 p.
723 4501 762 4552 15.
