3134 5082
631 269 761 331 -'47
812 307 850 314 ,

72 444 199 508 ferme
226 451 256 509 et
283 444 449 530 octoginta
472 448 639 526 interfecti3
665 467 729 532 oap.
747 448 789 510 43
810 449 828 529 §
848 449 902 510 15:
937 450 1027 532 signa
1049 450 1199 512 militaria
1221 448 1379 514 duodevi-

68 551 198 635 ginti
216 555 373 637 reliquere
383 553 413 635 ¹).

192 659 283 736 Quod
306 665 411 725 alitem
430 662 586 743 judicium
610 663 789 745 universam
804 661 888 725 Livii
911 664 1123 727 narrationem
1146 669 1290 748 spectans
1311 665 1379 747 tuli,
1448 743 1452 747 ,

76 768 124 830 id
155 770 185 832 si
207 787 383 832 sermonem
407 770 545 852 capitum
570 770 699 832 32-37
717 789 789 833 cum
806 770 875 834 61116
891 771 986 834 huius
1002 770 1076 833 libri
1091 771 1168 834 locis
1184 772 1380 855 comparabo,

78 875 358 955 corroborabitur.
410 875 458 939 Ne
484 877 607 960 longior
634 878 695 942 sim
722 896 775 940 eos
808 883 932 942 tantum
964 877 1091 940 afferam
1118 879 1203 942 locos
1228 881 1284 962 qui
1313 899 1380 942 rem

78 983 179 1044 mihi
203 982 364 1046 absolvere
387 984 548 1050 videntur:

191 1089 262 1174 Cap.
286 1091 370 1172 33.§
395 1093 428 1154 8:
452 1111 602 1174 »quarum
625 1111 731 1156 rerum
753 1092 838 1156 fama
860 1093 1084 1156 tumultuosior
1106 1095 1201 1156 etiam
1221 1115 1317 1178 quam
1331 1114 1380 1159 res

81 1202 198 1279 erant,
221 1198 340 1281 perlata
362 1196 509 1261 Romam«
532 1198 709 1263 conferatur
733 1219 806 1264 oum
829 1219 893 1284 cap.
918 1202 939 1262 4
963 1201 981 1281 ξ
1007 1200 1024 1262 1
1049 1203 1149 1264 nostri
1171 1201 1253 1265 libri.

190 1321 261 1407 Gap.
287 1324 336 1386 36.
362 1325 388 1405 §-
414 1325 447 1386 5:
481 1323 640 1389 aturbatus
669 1343 765 1409 eques
793 1345 851 1390 sua
877 1327 945 1410 ipse
977 1326 1118 1389 subsidia
1144 1328 1261 1391 territis
1290 1330 1380 1412 equis
1481 1390 1488 1405 ,

84 1430 306 1513 proculcavit«
329 1431 407 1494 coni.
432 1433 505 1495 oum
529 1452 593 1516 cap.
620 1433 661 1495 28
685 1433 711 1514 ᾖ.
739 1432 777 1495 11
803 1452 833 1497 n.
857 1433 876 1496 1.

190 1554 262 1639 Gap.
280 1555 320 1619 36
341 1557 367 1637 ξ.
387 1556 440 1619 10:
466 1557 536 1620 »alii
551 1558 628 1620 alios
642 1557 760 1621 hortari
779 1562 814 1620 ut
829 1563 1004 1641 repeterent
1019 1578 1168 1642 pugnam,
1183 1564 1273 1643 rapta
1288 1561 1380 1643 signa

85 1661 215 1726 inferre
234 1668 264 1726 et
287 1663 451 1726 ostendere
475 1666 555 1728 suis«
578 1664 659 1727 conf.
684 1683 758 1728 cum
781 1684 846 1749 cap.
873 1665 891 1726 5
916 1667 934 1746 ξ
960 1667 987 1729 3.
1011 1685 1041 1728 n.
1066 1665 1085 1727 l.

189 1786 259 1872 Cap.
286 1789 326 1850 36
351 1792 369 1870 ξ
395 1791 449 1852 11;
474 1791 571 1852 »inter
585 1790 662 1852 haec
677 1791 789 1854 consul
807 1809 922 1853 manus
938 1789 978 1852 ad
999 1789 1121 1852 caelum
1140 1791 1286 1853 attollens
1304 1809 1381 1853 voce

89 1895 191 1976 clara,
213 1897 258 1959 ita
280 1901 317 1960 ut
339 1898 555 1961 exaudiretur«
577 1917 644 1981 sqq.
669 1897 748 1960 cont
773 1917 797 1960 6,
823 1899 864 1960 19
889 1898 907 1979 §
933 1898 972 1959 17
997 1917 1026 1960 n.
1050 1897 1069 1960 l.

188 2020 260 2106 Gap.
286 2023 327 2086 36
352 2025 370 2104 ᾗ
388 2023 429 2086 12
453 2043 585 2087 »numen
600 2026 695 2087 etiam
718 2022 849 2087 deorum
864 2024 1041 2106 respexisse
1064 2042 1180 2086 nomen
1199 2023 1380 2087 Romanum

91 2132 218 2192 visum«
241 2130 320 2193 conf.
345 2150 369 2194 6.
394 2151 458 2216 cap.
485 2133 503 2192 5
529 2133 547 2212 ᾖ
573 2132 711 2195 1161.

188 2253 260 2340 Cap.
287 2256 336 2320 36.
361 2258 380 2338 6
410 2258 464 2320 17;
502 2258 576 2341 »ipsi
603 2259 696 2341 longo
729 2262 824 2340 atque
850 2256 1000 2340 impedito
1029 2259 1154 2340 agmine
1181 2259 1380 2343 incompositi

98 2363 286 2426 caeduntur«
318 2365 395 2427 conf.
420 2385 444 2428 c.
469 2384 534 2448 cap.
560 2365 653 2446 20.§
684 2367 723 2428 10
756 2385 788 2427 6.
812 2365 846 2427 1.;
879 2363 1050 2428 »Samnites
1077 2366 1193 2449 praeda
1228 2368 1379 2451 impediti,

100 2469 326 2552 infrequentes«
351 2492 417 2555 sqq.
440 2471 606 2535 Praeterea
625 2471 766 2535 conferas
790 2491 863 2534 eum
887 2476 994 2535 nostro
1012 2472 1080 2534 loco
1104 2471 1156 2535 lib.
1179 2471 1319 2536 XXXV.
1347 2475 1378 2536 l:

102 2595 173 2640 nam
195 2583 225 2641 et
248 2579 314 2641 acie
336 2578 492 2662 frequenti
516 2581 644 2642 armatis
670 2578 819 2641 adversus
848 2577 988 2661 longum
1012 2585 1043 2641 66
1067 2576 1263 2662 impeditum
1285 2579 1379 2644 turba

98 2683 227 2766 plenum
251 2705 364 2768 agmen
388 2684 497 2769 sqq.2).

186 2791 246 2856 His
269 2795 366 2877 igitur
389 2795 464 2856 satis
487 2794 565 2856 mihi
589 2794 819 2856 demonstrasse
834 2792 944 2855 videor
964 2795 1153 2856 narrationis
1170 2794 1306 2857 colorem
1321 2814 1379 2857 666

96 2900 136 2962 ad
165 2919 238 2964 eum
265 2901 404 2984 relegare
435 2906 607 2980 auctorem,
637 2901 726 2981 eujus
754 2901 886 2983 vestigia
917 2919 973 2983 per
1001 2905 1103 2962 totum
1130 2919 1229 2985 paene
1261 2900 1379 2964 librum

95 3007 252 3090 indagavi.
298 3007 393 3071 Nunc
421 3011 526 3070 autem
555 3025 671 3070 nomon
698 3007 785 3070 111166
813 3008 973 3090 scriptoris
1001 3009 1116 3071 certius
1144 3006 1273 3071 definire
1301 3027 1318 3071 e
1345 3027 1379 3070 re

96 3116 165 3178 erit.
191 3152 231 3160 -
256 3113 340 3176 Dicit
363 3115 448 3177 enim
471 3119 578 3177 noster
598 3114 793 3198 paragrapho
813 3115 853 3176 13
870 3114 979 3198 capitis
998 3114 1037 3177 31
1055 3117 1267 3178 narrationem
1283 3135 1377 3198 quam

97 3224 137 3286 de
160 3241 243 3284 anno
267 3221 330 3284 461
360 3242 389 3283 n.
415 3241 439 3284 6.
463 3221 635 3305 prodiderit
662 3240 720 3284 666
748 3240 821 3284 666
845 3220 975 3284 Claudio
1003 3241 1062 3285 666
1086 3241 1159 3284 eum
1182 3220 1278 3283 Fabio
1302 3222 1378 3284 satis

97 3347 271 3411 congruere
289 3334 388 3411 atque
411 3347 484 3391 oum
508 3329 535 3391 si
557 3330 657 3412 ipsius
680 3327 762 3391 Livii
785 3325 890 3390 verbis
913 3327 991 3391 fides
1019 3328 1163 3392 habenda
1186 3332 1245 3409 666,
1267 3327 1377 3390 Livius

96 3435 132 3500 in
160 3434 385 3498 conscribenda
416 3437 518 3519 prima
552 3435 666 3498 decade
699 3437 828 3498 omnino
852 3433 983 3519 sseptem
1014 3436 1189 3519 inspexerit
1220 3440 1375 3498 auctores:

97 3541 230 3606 Fabium
253 3542 423 3617 Pictorem.
453 3541 606 3624 Cincium,
629 3541 662 3604 L.
681 3541 887 3626 Calpurnium
903 3541 1060 3624 Pisonem,
1081 3542 1246 3606 Valerium
1266 3542 1377 3604 Antia-

99 3696 309 3706 .--—-—-—·—-·‹

188 3805 289 3874 1)1166
317 3826 379 3860 sum
406 3806 515 3860 nescius
543 3807 693 3860 nonnullos
722 3807 822 3860 horum
849 3822 1028 3859 numerorum
1052 3823 1068 3858 a
1092 3805 1290 3859 recentioribus
1316 3821 1373 3858 6666

99 3896 249 3956 restitutos.
269 3896 317 3950 sed
340 3897 384 3950 ita
401 3896 471 3950 mihi
490 3895 668 3950 librariorum
686 3897 787 3950 menda
802 3913 913 3949 sanasse
927 3895 1064 3958 videntur,
1084 3900 1117 3949 ut
1131 3895 1219 3948 nolim
1229 3894 1372 3948 Hertnium

100 3985 185 4040 solum
209 3984 350 4054 scripsisse
374 3987 407 4054 ἐξ
429 3987 461 4038 14
481 3991 509 4038 66
531 3987 562 4038 16
586 3986 697 4053 captiti
724 3988 846 4054 „septem
869 3983 978 4037 milium
997 4001 1030 4036 ac
1049 3985 1258 4037 ducentorum“.
1289 3982 1371 4036 Viam
1475 3999 1477 4002 ·

98 4075 251 4130 inveniendi
278 4093 371 4130 veram
398 4078 427 4129 et
453 4075 646 4144 incorruptam
669 4073 837 4144 scripturam
865 4078 893 4127 66
918 4073 964 4126 hic
988 4073 1224 4142 praemonstravit
1253 4073 1375 4126 Draken-

99 4165 224 4220 barchius
244 4166 279 4218 ud
298 4169 330 4220 X.
351 4167 385 4218 33
404 4171 432 4219 66
452 4167 494 4226 36,
516 4199 549 4204 -
570 4164 697 4218 Ceterum
721 4169 864 4218 auctorem
887 4163 1055 4228 1161661661,
1082 4164 1159 4216 cuius
1178 4181 1281 4217 nomen
1300 4163 1373 4216 infra

100 4254 253 4318 definietur,
279 4259 308 4306 et
332 4254 401 4307 alios
425 4271 554 4307 numeros
576 4253 606 4306 in
630 4251 736 4306 deliciis
760 4251 890 4305 habuisse
914 4252 1010 4305 docuit
1029 4252 1212 4322 Kiesslingius
1231 4251 1260 4304 in
1279 4252 1375 4306 disser-

100 4337 202 4396 tatione
225 4360 276 4395 sua
299 4360 371 4411 quae
395 4341 568 4395 inscribitur:
597 4341 637 4395 De
661 4339 787 4409 Dionysii
812 4340 1019 4395 Halicarnassei
1044 4341 1207 4410 antiquitat.
1229 4342 1373 4394 6666166-

100 4430 166 4502 bips.
188 4431 255 4484 1856
282 4448 309 4498 p.
330 4431 363 4481 22
384 4431 447 4484 adn.

183 4538 203 4608 2)
223 4538 303 4592 Hunc
322 4537 416 4590 locum
435 4536 546 4590 Antiati
565 4537 665 4590 tribuit
684 4537 823 4605 Ungerus:
844 4536 894 4590 Die
913 4541 981 4590 riim.
1003 4537 1120 4602 Quellen
1140 4541 1192 4590 eet.
1211 4556 1239 4605 p.
1260 4536 1301 4591 85.
