<?xml version="1.0" encoding="UTF-8"?>
<!DOCTYPE html PUBLIC "-//W3C//DTD XHTML 1.0 Transitional//EN"
    "http://www.w3.org/TR/xhtml1/DTD/xhtml1-transitional.dtd">
<html xmlns="http://www.w3.org/1999/xhtml" xml:lang="en" lang="en">
 <head>
  <title>
</title>
<meta http-equiv="Content-Type" content="text/html;charset=utf-8" />
  <meta name='ocr-system' content='tesseract 3.04.00' />
  <meta name='ocr-capabilities' content='ocr_page ocr_carea ocr_par ocr_line ocrx_word'/>
</head>
<body>
  <div class='ocr_page' id='page_1' title='image "./dedecimiliviili00klingoog_0014.png"; bbox 0 0 3216 5082; ppageno 0'>
   <div class='ocr_carea' id='block_1_1' title="bbox 711 295 907 355">
    <p class='ocr_par' dir='ltr' id='par_1_1' title="bbox 711 295 907 355">
     <span class='ocr_line' id='line_1_1' title="bbox 711 295 907 355; baseline 0.01 -17"><span class='ocrx_word' id='word_1_1' title='bbox 711 295 907 355; x_wconf 59' lang='lat'>-5-</span> 
     </span>
    </p>
   </div>
   <div class='ocr_carea' id='block_1_2' title="bbox 170 468 1448 983">
    <p class='ocr_par' dir='ltr' id='par_1_2' title="bbox 170 468 1448 983">
     <span class='ocr_line' id='line_1_2' title="bbox 170 468 1448 557; baseline 0.004 -25"><span class='ocrx_word' id='word_1_2' title='bbox 170 468 305 551; x_wconf 79' lang='lat' dir='ltr'>Etrusci,</span> <span class='ocrx_word' id='word_1_3' title='bbox 330 471 385 554; x_wconf 90' lang='lat' dir='ltr'>qui</span> <span class='ocrx_word' id='word_1_4' title='bbox 400 468 559 534; x_wconf 88' lang='lat' dir='ltr'>Romanos</span> <span class='ocrx_word' id='word_1_5' title='bbox 582 472 682 535; x_wconf 88' lang='lat' dir='ltr'>secuti</span> <span class='ocrx_word' id='word_1_6' title='bbox 704 477 801 554; x_wconf 85' lang='lat' dir='ltr'>erant,</span> <span class='ocrx_word' id='word_1_7' title='bbox 824 472 1014 556; x_wconf 83' lang='lat' dir='ltr'>praesidium</span> <span class='ocrx_word' id='word_1_8' title='bbox 1031 473 1209 537; x_wconf 86' lang='lat' dir='ltr'>Romanum</span> <span class='ocrx_word' id='word_1_9' title='bbox 1233 475 1283 536; x_wconf 93' lang='lat' dir='ltr'>cui</span> <span class='ocrx_word' id='word_1_10' title='bbox 1306 479 1448 557; x_wconf 78' lang='lat' dir='ltr'>praeerat</span> 
     </span>
     <span class='ocr_line' id='line_1_3' title="bbox 173 573 1447 664; baseline 0.002 -24"><span class='ocrx_word' id='word_1_11' title='bbox 173 573 304 640; x_wconf 74' lang='lat' dir='ltr'>Fulvius</span> <span class='ocrx_word' id='word_1_12' title='bbox 336 575 470 659; x_wconf 85' lang='lat' dir='ltr'>legatus,</span> <span class='ocrx_word' id='word_1_13' title='bbox 502 595 615 662; x_wconf 88' lang='lat' dir='ltr'>pecora</span> <span class='ocrx_word' id='word_1_14' title='bbox 641 580 859 663; x_wconf 79' lang='lat' dir='ltr'>propulsantes</span> <span class='ocrx_word' id='word_1_15' title='bbox 887 581 920 642; x_wconf 92' lang='lat' dir='ltr'>in</span> <span class='ocrx_word' id='word_1_16' title='bbox 947 580 1079 643; x_wconf 83' lang='lat' dir='ltr'>insidias</span> <span class='ocrx_word' id='word_1_17' title='bbox 1107 580 1260 644; x_wconf 89' lang='lat' dir='ltr'>deducere</span> <span class='ocrx_word' id='word_1_18' title='bbox 1287 585 1447 664; x_wconf 79' lang='lat' dir='ltr'>temptant.</span> 
     </span>
     <span class='ocr_line' id='line_1_4' title="bbox 174 681 1447 770; baseline 0.004 -25"><span class='ocrx_word' id='word_1_19' title='bbox 174 681 233 746; x_wconf 89' lang='lat' dir='ltr'>Sed</span> <span class='ocrx_word' id='word_1_20' title='bbox 264 701 338 746; x_wconf 92' lang='lat' dir='ltr'>cum</span> <span class='ocrx_word' id='word_1_21' title='bbox 369 701 462 746; x_wconf 91' lang='lat' dir='ltr'>nemo</span> <span class='ocrx_word' id='word_1_22' title='bbox 495 705 513 746; x_wconf 89' lang='lat' dir='ltr'>a</span> <span class='ocrx_word' id='word_1_23' title='bbox 544 683 687 748; x_wconf 90' lang='lat' dir='ltr'>Romana</span> <span class='ocrx_word' id='word_1_24' title='bbox 718 687 850 750; x_wconf 85' lang='lat' dir='ltr'>statione</span> <span class='ocrx_word' id='word_1_25' title='bbox 882 693 1069 768; x_wconf 89' lang='lat' dir='ltr'>moveretur,</span> <span class='ocrx_word' id='word_1_26' title='bbox 1101 692 1132 749; x_wconf 91' lang='lat' dir='ltr'>et</span> <span class='ocrx_word' id='word_1_27' title='bbox 1163 686 1294 750; x_wconf 72' lang='lat' dir='ltr'>Fulvius</span> <span class='ocrx_word' id='word_1_28' title='bbox 1325 687 1447 770; x_wconf 84' lang='lat' dir='ltr'>legatus</span> 
     </span>
     <span class='ocr_line' id='line_1_5' title="bbox 172 787 1447 875; baseline 0.004 -25"><span class='ocrx_word' id='word_1_29' title='bbox 172 787 314 853; x_wconf 87' lang='lat' dir='ltr'>hostibus</span> <span class='ocrx_word' id='word_1_30' title='bbox 346 791 487 853; x_wconf 90' lang='lat' dir='ltr'>nuntiari</span> <span class='ocrx_word' id='word_1_31' title='bbox 514 791 672 873; x_wconf 90' lang='lat' dir='ltr'>jussisset,</span> <span class='ocrx_word' id='word_1_32' title='bbox 704 793 840 857; x_wconf 89' lang='lat' dir='ltr'>detectas</span> <span class='ocrx_word' id='word_1_33' title='bbox 873 812 940 856; x_wconf 90' lang='lat' dir='ltr'>esse</span> <span class='ocrx_word' id='word_1_34' title='bbox 968 793 1112 874; x_wconf 86' lang='lat' dir='ltr'>insidias,</span> <span class='ocrx_word' id='word_1_35' title='bbox 1143 792 1275 856; x_wconf 89' lang='lat' dir='ltr'>fidentes</span> <span class='ocrx_word' id='word_1_36' title='bbox 1304 787 1447 875; x_wconf 88' lang='lat' dir='ltr'>n&#39;umero,</span> 
     </span>
     <span class='ocr_line' id='line_1_6' title="bbox 172 895 1448 983; baseline 0.002 -24"><span class='ocrx_word' id='word_1_37' title='bbox 172 895 235 978; x_wconf 90' lang='lat' dir='ltr'>quo&#39;</span> <span class='ocrx_word' id='word_1_38' title='bbox 272 895 473 979; x_wconf 83' lang='lat' dir='ltr'>praestabant</span> <span class='ocrx_word' id='word_1_39' title='bbox 510 903 706 980; x_wconf 84' lang='lat' dir='ltr'>consurgunt</span> <span class='ocrx_word' id='word_1_40' title='bbox 743 903 773 962; x_wconf 91' lang='grc'>11</span> <span class='ocrx_word' id='word_1_41' title='bbox 809 899 972 983; x_wconf 87' lang='lat' dir='ltr'>proferunt</span> <span class='ocrx_word' id='word_1_42' title='bbox 1009 900 1107 982; x_wconf 81' lang='lat' dir='ltr'>signa.</span> <span class='ocrx_word' id='word_1_43' title='bbox 1161 897 1311 962; x_wconf 90' lang='lat' dir='ltr'>Hostium</span> <span class='ocrx_word' id='word_1_44' title='bbox 1343 905 1448 962; x_wconf 89' lang='lat' dir='ltr'>autem</span> 
     </span>
    </p>
   </div>
   <div class='ocr_carea' id='block_1_3' title="bbox 164 1005 1450 1736">
    <p class='ocr_par' dir='ltr' id='par_1_3' title="bbox 164 1005 1450 1736">
     <span class='ocr_line' id='line_1_7' title="bbox 171 1005 1448 1094; baseline 0.002 -28"><span class='ocrx_word' id='word_1_45' title='bbox 171 1022 324 1067; x_wconf 91' lang='lat' dir='ltr'>numerus</span> <span class='ocrx_word' id='word_1_46' title='bbox 356 1023 430 1066; x_wconf 92' lang='lat' dir='ltr'>cum</span> <span class='ocrx_word' id='word_1_47' title='bbox 457 1005 557 1094; x_wconf 85' lang='lat' dir='ltr'>maior</span> <span class='ocrx_word' id='word_1_48' title='bbox 584 1011 679 1087; x_wconf 90' lang='lat' dir='ltr'>esset,</span> <span class='ocrx_word' id='word_1_49' title='bbox 712 1027 807 1089; x_wconf 88' lang='lat' dir='ltr'>quam</span> <span class='ocrx_word' id='word_1_50' title='bbox 835 1008 887 1070; x_wconf 88' lang='lat' dir='ltr'>cui</span> <span class='ocrx_word' id='word_1_51' title='bbox 913 1025 1004 1091; x_wconf 89' lang='lat' dir='ltr'>pares</span> <span class='ocrx_word' id='word_1_52' title='bbox 1032 1012 1136 1070; x_wconf 89' lang='lat' dir='ltr'>essent</span> <span class='ocrx_word' id='word_1_53' title='bbox 1163 1005 1310 1088; x_wconf 88' lang='lat' dir='ltr'>Romani,</span> <span class='ocrx_word' id='word_1_54' title='bbox 1342 1011 1448 1070; x_wconf 77' lang='grc'>11111111</span> 
     </span>
     <span class='ocr_line' id='line_1_8' title="bbox 170 1109 1448 1199; baseline 0.004 -26"><span class='ocrx_word' id='word_1_55' title='bbox 170 1109 306 1194; x_wconf 77' lang='lat' dir='ltr'>legatuS,</span> <span class='ocrx_word' id='word_1_56' title='bbox 341 1110 440 1174; x_wconf 90' lang='lat' dir='ltr'>donec</span> <span class='ocrx_word' id='word_1_57' title='bbox 472 1112 603 1175; x_wconf 85' lang='lat' dir='ltr'>dictator</span> <span class='ocrx_word' id='word_1_58' title='bbox 635 1114 754 1176; x_wconf 82' lang='lat' dir='ltr'>auxilio</span> <span class='ocrx_word' id='word_1_59' title='bbox 785 1115 919 1196; x_wconf 88' lang='lat' dir='ltr'>veniret,</span> <span class='ocrx_word' id='word_1_60' title='bbox 950 1117 1103 1199; x_wconf 90' lang='lat' dir='ltr'>impetum</span> <span class='ocrx_word' id='word_1_61' title='bbox 1135 1114 1273 1177; x_wconf 89' lang='lat' dir='ltr'>hostium</span> <span class='ocrx_word' id='word_1_62' title='bbox 1306 1116 1448 1196; x_wconf 90' lang='lat' dir='ltr'>sustinet,</span> 
     </span>
     <span class='ocr_line' id='line_1_9' title="bbox 172 1220 1448 1306; baseline 0.002 -23"><span class='ocrx_word' id='word_1_63' title='bbox 172 1220 304 1283; x_wconf 86' lang='lat' dir='ltr'>dictator</span> <span class='ocrx_word' id='word_1_64' title='bbox 335 1225 440 1282; x_wconf 88' lang='lat' dir='ltr'>autem</span> <span class='ocrx_word' id='word_1_65' title='bbox 467 1239 540 1282; x_wconf 90' lang='lat' dir='ltr'>oum</span> <span class='ocrx_word' id='word_1_66' title='bbox 566 1222 755 1304; x_wconf 86' lang='lat' dir='ltr'>periculum,</span> <span class='ocrx_word' id='word_1_67' title='bbox 789 1242 852 1305; x_wconf 93' lang='lat' dir='ltr'>quo</span> <span class='ocrx_word' id='word_1_68' title='bbox 875 1223 996 1306; x_wconf 83' lang='lat' dir='ltr'>legatus</span> <span class='ocrx_word' id='word_1_69' title='bbox 1023 1228 1217 1305; x_wconf 85' lang='lat' dir='ltr'>premeretur</span> <span class='ocrx_word' id='word_1_70' title='bbox 1240 1224 1448 1306; x_wconf 88' lang='lat' dir='ltr'>comperisset,</span> 
     </span>
     <span class='ocr_line' id='line_1_10' title="bbox 172 1328 1449 1414; baseline 0.002 -23"><span class='ocrx_word' id='word_1_71' title='bbox 172 1346 302 1413; x_wconf 90' lang='lat' dir='ltr'>propere</span> <span class='ocrx_word' id='word_1_72' title='bbox 326 1328 483 1391; x_wconf 81' lang='lat' dir='ltr'>auxilium</span> <span class='ocrx_word' id='word_1_73' title='bbox 510 1329 577 1392; x_wconf 89' lang='lat' dir='ltr'>fert.</span> <span class='ocrx_word' id='word_1_74' title='bbox 623 1328 692 1392; x_wconf 88' lang='lat' dir='ltr'>Iam</span> <span class='ocrx_word' id='word_1_75' title='bbox 713 1331 749 1392; x_wconf 89' lang='lat' dir='ltr'>in</span> <span class='ocrx_word' id='word_1_76' title='bbox 773 1331 992 1414; x_wconf 88' lang='lat' dir='ltr'>sequentibus,</span> <span class='ocrx_word' id='word_1_77' title='bbox 1017 1351 1080 1413; x_wconf 90' lang='lat' dir='ltr'>qua</span> <span class='ocrx_word' id='word_1_78' title='bbox 1102 1328 1279 1393; x_wconf 85' lang='lat' dir='ltr'>incredibili</span> <span class='ocrx_word' id='word_1_79' title='bbox 1302 1329 1449 1393; x_wconf 87' lang='lat' dir='ltr'>aviditate</span> 
     </span>
     <span class='ocr_line' id='line_1_11' title="bbox 173 1435 1448 1522; baseline 0 -22"><span class='ocrx_word' id='word_1_80' title='bbox 173 1435 335 1520; x_wconf 82' lang='lat' dir='ltr'>pugnandi</span> <span class='ocrx_word' id='word_1_81' title='bbox 358 1436 473 1500; x_wconf 90' lang='lat' dir='ltr'>milites</span> <span class='ocrx_word' id='word_1_82' title='bbox 495 1436 622 1518; x_wconf 82' lang='grc'>1111111,</span> <span class='ocrx_word' id='word_1_83' title='bbox 650 1438 806 1522; x_wconf 91' lang='lat' dir='ltr'>quomodo</span> <span class='ocrx_word' id='word_1_84' title='bbox 830 1439 969 1502; x_wconf 91' lang='lat' dir='ltr'>studium</span> <span class='ocrx_word' id='word_1_85' title='bbox 994 1457 1104 1501; x_wconf 89' lang='lat' dir='ltr'>eorum</span> <span class='ocrx_word' id='word_1_86' title='bbox 1120 1439 1291 1502; x_wconf 81' lang='lat' dir='ltr'>coercuerit</span> <span class='ocrx_word' id='word_1_87' title='bbox 1309 1437 1448 1518; x_wconf 89' lang='lat' dir='ltr'>dictator,</span> 
     </span>
     <span class='ocr_line' id='line_1_12' title="bbox 174 1544 1449 1630; baseline 0.002 -24"><span class='ocrx_word' id='word_1_88' title='bbox 174 1563 236 1627; x_wconf 92' lang='lat' dir='ltr'>quo</span> <span class='ocrx_word' id='word_1_89' title='bbox 274 1549 491 1628; x_wconf 86' lang='lat' dir='ltr'>strategemate</span> <span class='ocrx_word' id='word_1_90' title='bbox 525 1565 603 1608; x_wconf 87' lang='lat' dir='ltr'>usus</span> <span class='ocrx_word' id='word_1_91' title='bbox 641 1546 745 1609; x_wconf 88' lang='lat' dir='ltr'>hostes</span> <span class='ocrx_word' id='word_1_92' title='bbox 781 1545 1006 1630; x_wconf 86' lang='lat' dir='ltr'>profligaverit,</span> <span class='ocrx_word' id='word_1_93' title='bbox 1045 1545 1141 1610; x_wconf 85' lang='lat' dir='ltr'>effirse</span> <span class='ocrx_word' id='word_1_94' title='bbox 1176 1544 1374 1626; x_wconf 86' lang='lat' dir='ltr'>describitur,</span> <span class='ocrx_word' id='word_1_95' title='bbox 1413 1565 1449 1609; x_wconf 90' lang='lat' dir='ltr'>ac</span> 
     </span>
     <span class='ocr_line' id='line_1_13' title="bbox 164 1651 1450 1736; baseline 0.001 -22"><span class='ocrx_word' id='word_1_96' title='bbox 164 1653 297 1715; x_wconf 80' lang='lat' dir='ltr'>&#39;tantum</span> <span class='ocrx_word' id='word_1_97' title='bbox 320 1651 407 1716; x_wconf 89' lang='lat' dir='ltr'>abest</span> <span class='ocrx_word' id='word_1_98' title='bbox 432 1658 588 1735; x_wconf 90' lang='lat' dir='ltr'>utquam</span> <span class='ocrx_word' id='word_1_99' title='bbox 610 1653 739 1734; x_wconf 85' lang='lat' dir='ltr'>vividis,</span> <span class='ocrx_word' id='word_1_100' title='bbox 767 1659 803 1716; x_wconf 92' lang='grc'>11</span> <span class='ocrx_word' id='word_1_101' title='bbox 825 1655 869 1715; x_wconf 87' lang='lat' dir='ltr'>ita</span> <span class='ocrx_word' id='word_1_102' title='bbox 893 1653 1007 1734; x_wconf 91' lang='lat' dir='ltr'>dicam,</span> <span class='ocrx_word' id='word_1_103' title='bbox 1032 1652 1188 1716; x_wconf 88' lang='lat' dir='ltr'>coloribus</span> <span class='ocrx_word' id='word_1_104' title='bbox 1212 1653 1387 1736; x_wconf 86' lang='lat' dir='ltr'>conscripta¹</span> <span class='ocrx_word' id='word_1_105' title='bbox 1409 1653 1450 1715; x_wconf 89' lang='lat' dir='ltr'>sit</span> 
     </span>
    </p>
   </div>
   <div class='ocr_carea' id='block_1_4' title="bbox 172 1757 1580 1843">
    <p class='ocr_par' dir='ltr' id='par_1_4' title="bbox 172 1757 1580 1843">
     <span class='ocr_line' id='line_1_14' title="bbox 172 1757 1580 1843; baseline -0.001 -22"><span class='ocrx_word' id='word_1_106' title='bbox 172 1759 250 1821; x_wconf 85' lang='lat' dir='ltr'>haec</span> <span class='ocrx_word' id='word_1_107' title='bbox 276 1759 427 1839; x_wconf 88' lang='lat' dir='ltr'>narratio,</span> <span class='ocrx_word' id='word_1_108' title='bbox 454 1778 518 1821; x_wconf 93' lang='lat' dir='ltr'>non</span> <span class='ocrx_word' id='word_1_109' title='bbox 547 1777 728 1842; x_wconf 85' lang='lat' dir='ltr'>agnoscam,</span> <span class='ocrx_word' id='word_1_110' title='bbox 756 1765 792 1821; x_wconf 94' lang='lat' dir='ltr'>ut</span> <span class='ocrx_word' id='word_1_111' title='bbox 818 1761 922 1843; x_wconf 91' lang='lat' dir='ltr'>potius</span> <span class='ocrx_word' id='word_1_112' title='bbox 951 1778 1059 1822; x_wconf 88' lang='lat' dir='ltr'>omnes</span> <span class='ocrx_word' id='word_1_113' title='bbox 1081 1760 1219 1842; x_wconf 83' lang='lat' dir='ltr'>legentes</span> <span class='ocrx_word' id='word_1_114' title='bbox 1243 1777 1280 1822; x_wconf 89' lang='lat' dir='ltr'>ea</span> <span class='ocrx_word' id='word_1_115' title='bbox 1302 1757 1449 1822; x_wconf 90' lang='lat' dir='ltr'>delectari</span> <span class='ocrx_word' id='word_1_116' title='bbox 1572 1822 1580 1836; x_wconf 70' lang='lat'>‚</span> 
     </span>
    </p>
   </div>
   <div class='ocr_carea' id='block_1_5' title="bbox 151 1865 1456 4421">
    <p class='ocr_par' dir='ltr' id='par_1_5' title="bbox 172 1865 1453 3348">
     <span class='ocr_line' id='line_1_15' title="bbox 172 1865 1450 1951; baseline -0.001 -22"><span class='ocrx_word' id='word_1_117' title='bbox 172 1867 251 1930; x_wconf 89' lang='lat' dir='ltr'>mihi</span> <span class='ocrx_word' id='word_1_118' title='bbox 282 1885 466 1951; x_wconf 87' lang='lat' dir='ltr'>persuasum</span> <span class='ocrx_word' id='word_1_119' title='bbox 499 1868 547 1931; x_wconf 90' lang='lat' dir='ltr'>sit.</span> <span class='ocrx_word' id='word_1_120' title='bbox 604 1865 665 1931; x_wconf 81' lang='lat' dir='ltr'>Sed</span> <span class='ocrx_word' id='word_1_121' title='bbox 696 1868 820 1930; x_wconf 88' lang='lat' dir='ltr'>etiamsi</span> <span class='ocrx_word' id='word_1_122' title='bbox 843 1866 952 1930; x_wconf 85' lang='lat' dir='ltr'>Livius</span> <span class='ocrx_word' id='word_1_123' title='bbox 980 1887 1045 1930; x_wconf 92' lang='lat' dir='ltr'>non</span> <span class='ocrx_word' id='word_1_124' title='bbox 1067 1869 1102 1929; x_wconf 91' lang='lat' dir='ltr'>iu</span> <span class='ocrx_word' id='word_1_125' title='bbox 1125 1867 1188 1932; x_wconf 94' lang='lat' dir='ltr'>fine</span> <span class='ocrx_word' id='word_1_126' title='bbox 1212 1868 1321 1951; x_wconf 89' lang='lat' dir='ltr'>capitis</span> <span class='ocrx_word' id='word_1_127' title='bbox 1346 1867 1450 1949; x_wconf 89' lang='lat' dir='ltr'>quinti</span> 
     </span>
     <span class='ocr_line' id='line_1_16' title="bbox 174 1973 1450 2057; baseline -0.001 -20"><span class='ocrx_word' id='word_1_128' title='bbox 174 1973 402 2057; x_wconf 87' lang='lat' dir='ltr'>adscripsisset,</span> <span class='ocrx_word' id='word_1_129' title='bbox 429 1993 494 2036; x_wconf 92' lang='lat' dir='ltr'>non</span> <span class='ocrx_word' id='word_1_130' title='bbox 523 1993 631 2037; x_wconf 89' lang='lat' dir='ltr'>omnes</span> <span class='ocrx_word' id='word_1_131' title='bbox 655 1979 797 2038; x_wconf 88' lang='lat' dir='ltr'>auctores</span> <span class='ocrx_word' id='word_1_132' title='bbox 820 1975 902 2038; x_wconf 88' lang='lat' dir='ltr'>hanc</span> <span class='ocrx_word' id='word_1_133' title='bbox 924 1976 1135 2038; x_wconf 86' lang='lat' dir='ltr'>narrationem</span> <span class='ocrx_word' id='word_1_134' title='bbox 1160 1974 1321 2055; x_wconf 86' lang='lat' dir='ltr'>exhibere,</span> <span class='ocrx_word' id='word_1_135' title='bbox 1344 1980 1450 2036; x_wconf 88' lang='lat' dir='ltr'>tamen</span> 
     </span>
     <span class='ocr_line' id='line_1_17' title="bbox 174 2079 1450 2167; baseline -0.002 -23"><span class='ocrx_word' id='word_1_136' title='bbox 174 2087 351 2164; x_wconf 87' lang='lat' dir='ltr'>suspectam</span> <span class='ocrx_word' id='word_1_137' title='bbox 391 2100 461 2144; x_wconf 91' lang='lat' dir='ltr'>eam</span> <span class='ocrx_word' id='word_1_138' title='bbox 494 2080 637 2144; x_wconf 89' lang='lat' dir='ltr'>redderet</span> <span class='ocrx_word' id='word_1_139' title='bbox 671 2086 765 2164; x_wconf 93' lang='lat' dir='ltr'>caput</span> <span class='ocrx_word' id='word_1_140' title='bbox 797 2082 875 2145; x_wconf 92' lang='lat' dir='ltr'>illud</span> <span class='ocrx_word' id='word_1_141' title='bbox 911 2100 1059 2167; x_wconf 89' lang='lat' dir='ltr'>persaepe</span> <span class='ocrx_word' id='word_1_142' title='bbox 1095 2081 1258 2145; x_wconf 89' lang='lat' dir='ltr'>laudatum</span> <span class='ocrx_word' id='word_1_143' title='bbox 1285 2079 1346 2143; x_wconf 85' lang='lat' dir='ltr'>XL</span> <span class='ocrx_word' id='word_1_144' title='bbox 1376 2079 1450 2143; x_wconf 84' lang='lat' dir='ltr'>h&#39;bm&#39;</span> 
     </span>
     <span class='ocr_line' id='line_1_18' title="bbox 174 2187 1450 2273; baseline -0.002 -21"><span class='ocrx_word' id='word_1_145' title='bbox 174 2191 285 2271; x_wconf 87' lang='lat' dir='ltr'>octavi,</span> <span class='ocrx_word' id='word_1_146' title='bbox 304 2209 367 2272; x_wconf 89' lang='lat' dir='ltr'>quo</span> <span class='ocrx_word' id='word_1_147' title='bbox 381 2188 492 2252; x_wconf 83' lang='lat' dir='ltr'>Livius</span> <span class='ocrx_word' id='word_1_148' title='bbox 506 2191 648 2252; x_wconf 85' lang='lat' dir='ltr'>vitiatam</span> <span class='ocrx_word' id='word_1_149' title='bbox 664 2208 732 2253; x_wconf 87' lang='lat' dir='ltr'>esse</span> <span class='ocrx_word' id='word_1_150' title='bbox 748 2191 933 2253; x_wconf 90' lang='lat' dir='ltr'>memoriam</span> <span class='ocrx_word' id='word_1_151' title='bbox 949 2191 1074 2253; x_wconf 89' lang='lat' dir='ltr'>illorum</span> <span class='ocrx_word' id='word_1_152' title='bbox 1091 2197 1267 2273; x_wconf 90' lang='lat' dir='ltr'>temporum</span> <span class='ocrx_word' id='word_1_153' title='bbox 1279 2226 1321 2235; x_wconf 92' lang='lat'><em>-</em></span> <span class='ocrx_word' id='word_1_154' title='bbox 1335 2187 1450 2270; x_wconf 88' lang='lat' dir='ltr'>quibus</span> 
     </span>
     <span class='ocr_line' id='line_1_19' title="bbox 173 2296 1450 2383; baseline -0.001 -24"><span class='ocrx_word' id='word_1_155' title='bbox 173 2299 209 2360; x_wconf 90' lang='lat' dir='ltr'>in</span> <span class='ocrx_word' id='word_1_156' title='bbox 232 2297 443 2361; x_wconf 84' lang='lat' dir='ltr'>describendis</span> <span class='ocrx_word' id='word_1_157' title='bbox 466 2304 611 2360; x_wconf 84' lang='lat' dir='ltr'>versatur</span> <span class='ocrx_word' id='word_1_158' title='bbox 629 2335 671 2343; x_wconf 93' lang='lat'>—</span> <span class='ocrx_word' id='word_1_159' title='bbox 687 2316 746 2360; x_wconf 91' lang='lat' dir='ltr'>nec</span> <span class='ocrx_word' id='word_1_160' title='bbox 770 2317 961 2381; x_wconf 90' lang='lat' dir='ltr'>quemquem</span> <span class='ocrx_word' id='word_1_161' title='bbox 985 2299 1148 2383; x_wconf 88' lang='lat' dir='ltr'>aequalem</span> <span class='ocrx_word' id='word_1_162' title='bbox 1170 2296 1364 2380; x_wconf 84' lang='lat' dir='ltr'>temporibus</span> <span class='ocrx_word' id='word_1_163' title='bbox 1386 2296 1450 2358; x_wconf 89' lang='lat' dir='ltr'>illis</span> 
     </span>
     <span class='ocr_line' id='line_1_20' title="bbox 175 2402 1451 2489; baseline -0.002 -20"><span class='ocrx_word' id='word_1_164' title='bbox 175 2407 356 2489; x_wconf 89' lang='lat' dir='ltr'>scriptorem</span> <span class='ocrx_word' id='word_1_165' title='bbox 386 2410 505 2485; x_wconf 83' lang='lat' dir='ltr'>extare,</span> <span class='ocrx_word' id='word_1_166' title='bbox 534 2424 596 2487; x_wconf 91' lang='lat' dir='ltr'>quo</span> <span class='ocrx_word' id='word_1_167' title='bbox 624 2405 700 2468; x_wconf 89' lang='lat' dir='ltr'>satis</span> <span class='ocrx_word' id='word_1_168' title='bbox 723 2411 806 2468; x_wconf 89' lang='lat' dir='ltr'>certo</span> <span class='ocrx_word' id='word_1_169' title='bbox 830 2411 956 2468; x_wconf 89' lang='lat' dir='ltr'>auctore</span> <span class='ocrx_word' id='word_1_170' title='bbox 979 2410 1078 2468; x_wconf 90' lang='lat' dir='ltr'>stetur</span> <span class='ocrx_word' id='word_1_171' title='bbox 1100 2406 1182 2468; x_wconf 89' lang='lat' dir='ltr'>dicit.</span> <span class='ocrx_word' id='word_1_172' title='bbox 1228 2402 1451 2467; x_wconf 87' lang='lat' dir='ltr'>Verumenim-</span> 
     </span>
     <span class='ocr_line' id='line_1_21' title="bbox 174 2511 1452 2596; baseline -0.002 -22"><span class='ocrx_word' id='word_1_173' title='bbox 174 2531 249 2574; x_wconf 84' lang='lat' dir='ltr'>vero</span> <span class='ocrx_word' id='word_1_174' title='bbox 276 2513 309 2573; x_wconf 92' lang='lat' dir='ltr'>in</span> <span class='ocrx_word' id='word_1_175' title='bbox 337 2517 444 2574; x_wconf 90' lang='lat' dir='ltr'>nostro</span> <span class='ocrx_word' id='word_1_176' title='bbox 472 2512 572 2594; x_wconf 91' lang='lat' dir='ltr'>capite</span> <span class='ocrx_word' id='word_1_177' title='bbox 598 2517 662 2574; x_wconf 93' lang='lat' dir='ltr'>tam</span> <span class='ocrx_word' id='word_1_178' title='bbox 691 2518 834 2574; x_wconf 89' lang='lat' dir='ltr'>accurate</span> <span class='ocrx_word' id='word_1_179' title='bbox 862 2518 892 2574; x_wconf 91' lang='lat' dir='ltr'>et</span> <span class='ocrx_word' id='word_1_180' title='bbox 914 2513 1001 2596; x_wconf 85' lang='lat' dir='ltr'>large</span> <span class='ocrx_word' id='word_1_181' title='bbox 1027 2531 1077 2574; x_wconf 90' lang='lat' dir='ltr'>res</span> <span class='ocrx_word' id='word_1_182' title='bbox 1105 2517 1241 2592; x_wconf 90' lang='lat' dir='ltr'>enarrat,</span> <span class='ocrx_word' id='word_1_183' title='bbox 1271 2511 1362 2594; x_wconf 87' lang='lat' dir='ltr'>quasi</span> <span class='ocrx_word' id='word_1_184' title='bbox 1384 2511 1452 2593; x_wconf 90' lang='lat' dir='ltr'>ipse</span> 
     </span>
     <span class='ocr_line' id='line_1_22' title="bbox 176 2617 1452 2701; baseline -0.003 -19"><span class='ocrx_word' id='word_1_185' title='bbox 176 2621 263 2682; x_wconf 90' lang='lat' dir='ltr'>testis</span> <span class='ocrx_word' id='word_1_186' title='bbox 286 2619 428 2681; x_wconf 88' lang='lat' dir='ltr'>oculatus</span> <span class='ocrx_word' id='word_1_187' title='bbox 450 2617 498 2680; x_wconf 90' lang='lat' dir='ltr'>illi</span> <span class='ocrx_word' id='word_1_188' title='bbox 520 2636 645 2701; x_wconf 86' lang='lat' dir='ltr'>pugnae</span> <span class='ocrx_word' id='word_1_189' title='bbox 666 2617 851 2700; x_wconf 71' lang='lat' dir='ltr'>interfuerit</span> <span class='ocrx_word' id='word_1_190' title='bbox 874 2625 905 2682; x_wconf 90' lang='lat' dir='ltr'>et</span> <span class='ocrx_word' id='word_1_191' title='bbox 923 2618 956 2682; x_wconf 93' lang='lat' dir='ltr'>id</span> <span class='ocrx_word' id='word_1_192' title='bbox 975 2624 1099 2682; x_wconf 88' lang='lat' dir='ltr'>tantum</span> <span class='ocrx_word' id='word_1_193' title='bbox 1117 2620 1279 2699; x_wconf 91' lang='lat' dir='ltr'>miramur,</span> <span class='ocrx_word' id='word_1_194' title='bbox 1303 2636 1359 2681; x_wconf 93' lang='lat' dir='ltr'>cur</span> <span class='ocrx_word' id='word_1_195' title='bbox 1375 2623 1452 2699; x_wconf 90' lang='lat' dir='ltr'>quot</span> 
     </span>
     <span class='ocr_line' id='line_1_23' title="bbox 175 2725 1452 2810; baseline -0.003 -20"><span class='ocrx_word' id='word_1_196' title='bbox 175 2727 281 2790; x_wconf 89' lang='lat' dir='ltr'>hostes</span> <span class='ocrx_word' id='word_1_197' title='bbox 309 2727 403 2789; x_wconf 89' lang='lat' dir='ltr'>occisi</span> <span class='ocrx_word' id='word_1_198' title='bbox 431 2731 462 2788; x_wconf 91' lang='grc'>11</span> <span class='ocrx_word' id='word_1_199' title='bbox 489 2727 571 2808; x_wconf 90' lang='lat' dir='ltr'>capti</span> <span class='ocrx_word' id='word_1_200' title='bbox 598 2726 674 2807; x_wconf 90' lang='lat' dir='ltr'>sint,</span> <span class='ocrx_word' id='word_1_201' title='bbox 703 2731 780 2809; x_wconf 89' lang='lat' dir='ltr'>quot</span> <span class='ocrx_word' id='word_1_202' title='bbox 807 2728 899 2810; x_wconf 84' lang='lat' dir='ltr'>signa</span> <span class='ocrx_word' id='word_1_203' title='bbox 926 2726 964 2789; x_wconf 91' lang='lat' dir='ltr'>ab</span> <span class='ocrx_word' id='word_1_204' title='bbox 992 2725 1135 2789; x_wconf 85' lang='lat' dir='ltr'>Etruscis</span> <span class='ocrx_word' id='word_1_205' title='bbox 1163 2727 1291 2807; x_wconf 86' lang='lat' dir='ltr'>amissa,</span> <span class='ocrx_word' id='word_1_206' title='bbox 1319 2744 1384 2787; x_wconf 92' lang='lat' dir='ltr'>non</span> <span class='ocrx_word' id='word_1_207' title='bbox 1411 2725 1452 2788; x_wconf 91' lang='lat' dir='ltr'>sit</span> 
     </span>
     <span class='ocr_line' id='line_1_24' title="bbox 176 2831 1451 2918; baseline -0.003 -20"><span class='ocrx_word' id='word_1_208' title='bbox 176 2835 376 2918; x_wconf 90' lang='lat' dir='ltr'>adscriptum.</span> <span class='ocrx_word' id='word_1_209' title='bbox 435 2831 537 2908; x_wconf 78' lang='lat' dir='ltr'>Quam</span> <span class='ocrx_word' id='word_1_210' title='bbox 574 2840 678 2897; x_wconf 91' lang='lat' dir='ltr'>autem</span> <span class='ocrx_word' id='word_1_211' title='bbox 713 2836 923 2918; x_wconf 87' lang='lat' dir='ltr'>suspicionem</span> <span class='ocrx_word' id='word_1_212' title='bbox 952 2873 993 2880; x_wconf 95' lang='lat'><em>-</em></span> <span class='ocrx_word' id='word_1_213' title='bbox 1021 2855 1101 2897; x_wconf 92' lang='lat' dir='ltr'>num</span> <span class='ocrx_word' id='word_1_214' title='bbox 1134 2854 1184 2897; x_wconf 90' lang='grc'>111</span> <span class='ocrx_word' id='word_1_215' title='bbox 1219 2835 1379 2918; x_wconf 88' lang='lat' dir='ltr'>expositae</span> <span class='ocrx_word' id='word_1_216' title='bbox 1413 2833 1451 2895; x_wconf 91' lang='lat' dir='ltr'>ad</span> 
     </span>
     <span class='ocr_line' id='line_1_25' title="bbox 175 2939 1450 3022; baseline -0.004 -17"><span class='ocrx_word' id='word_1_217' title='bbox 175 2942 271 3005; x_wconf 89' lang='lat' dir='ltr'>fidem</span> <span class='ocrx_word' id='word_1_218' title='bbox 295 2942 475 3005; x_wconf 89' lang='lat' dir='ltr'>historicam</span> <span class='ocrx_word' id='word_1_219' title='bbox 499 2941 648 3005; x_wconf 88' lang='lat' dir='ltr'>accedant</span> <span class='ocrx_word' id='word_1_220' title='bbox 672 2979 712 2987; x_wconf 89' lang='lat'>-</span> <span class='ocrx_word' id='word_1_221' title='bbox 738 2942 797 3004; x_wconf 89' lang='lat' dir='ltr'>hoc</span> <span class='ocrx_word' id='word_1_222' title='bbox 820 2942 887 3004; x_wconf 91' lang='lat' dir='ltr'>loco</span> <span class='ocrx_word' id='word_1_223' title='bbox 911 2942 1039 3005; x_wconf 88' lang='lat' dir='ltr'>laudato</span> <span class='ocrx_word' id='word_1_224' title='bbox 1062 2946 1093 3003; x_wconf 90' lang='lat' dir='ltr'>et</span> <span class='ocrx_word' id='word_1_225' title='bbox 1114 2940 1219 3004; x_wconf 87' lang='lat' dir='ltr'>verbis</span> <span class='ocrx_word' id='word_1_226' title='bbox 1242 2941 1276 3004; x_wconf 91' lang='lat' dir='ltr'>in</span> <span class='ocrx_word' id='word_1_227' title='bbox 1299 2939 1363 3002; x_wconf 90' lang='lat' dir='ltr'>fine</span> <span class='ocrx_word' id='word_1_228' title='bbox 1386 2958 1450 3022; x_wconf 88' lang='lat' dir='ltr'>cap.</span> 
     </span>
     <span class='ocr_line' id='line_1_26' title="bbox 178 3044 1452 3133; baseline -0.004 -21"><span class='ocrx_word' id='word_1_229' title='bbox 178 3051 281 3132; x_wconf 89' lang='lat' dir='ltr'>quinti</span> <span class='ocrx_word' id='word_1_230' title='bbox 305 3049 432 3131; x_wconf 88' lang='lat' dir='ltr'>adjectis</span> <span class='ocrx_word' id='word_1_231' title='bbox 455 3050 549 3130; x_wconf 84' lang='lat' dir='ltr'>movi,</span> <span class='ocrx_word' id='word_1_232' title='bbox 573 3068 609 3112; x_wconf 88' lang='lat' dir='ltr'>ea</span> <span class='ocrx_word' id='word_1_233' title='bbox 633 3054 765 3133; x_wconf 86' lang='lat' dir='ltr'>augetur</span> <span class='ocrx_word' id='word_1_234' title='bbox 788 3050 814 3112; x_wconf 90' lang='lat' dir='ltr'>si</span> <span class='ocrx_word' id='word_1_235' title='bbox 839 3049 1004 3132; x_wconf 86' lang='lat' dir='ltr'>diligenter</span> <span class='ocrx_word' id='word_1_236' title='bbox 1026 3067 1099 3111; x_wconf 92' lang='lat' dir='ltr'>cum</span> <span class='ocrx_word' id='word_1_237' title='bbox 1123 3066 1232 3110; x_wconf 92' lang='lat' dir='ltr'>omnes</span> <span class='ocrx_word' id='word_1_238' title='bbox 1255 3045 1337 3109; x_wconf 87' lang='lat' dir='ltr'>Livii</span> <span class='ocrx_word' id='word_1_239' title='bbox 1355 3044 1452 3108; x_wconf 89' lang='lat' dir='ltr'>libros</span> 
     </span>
     <span class='ocr_line' id='line_1_27' title="bbox 178 3151 1453 3240; baseline -0.004 -21"><span class='ocrx_word' id='word_1_240' title='bbox 178 3164 244 3219; x_wconf 91' lang='lat' dir='ltr'>tum</span> <span class='ocrx_word' id='word_1_241' title='bbox 268 3158 401 3240; x_wconf 87' lang='lat' dir='ltr'>primam</span> <span class='ocrx_word' id='word_1_242' title='bbox 423 3156 571 3218; x_wconf 88' lang='lat' dir='ltr'>decadem</span> <span class='ocrx_word' id='word_1_243' title='bbox 586 3162 833 3239; x_wconf 72' lang='lat' dir='ltr'>perscrutamur,</span> <span class='ocrx_word' id='word_1_244' title='bbox 858 3173 1007 3239; x_wconf 89' lang='lat' dir='ltr'>persaepe</span> <span class='ocrx_word' id='word_1_245' title='bbox 1026 3155 1110 3217; x_wconf 90' lang='lat' dir='ltr'>enim</span> <span class='ocrx_word' id='word_1_246' title='bbox 1127 3153 1252 3216; x_wconf 88' lang='lat' dir='ltr'>eaedem</span> <span class='ocrx_word' id='word_1_247' title='bbox 1269 3171 1319 3215; x_wconf 90' lang='lat' dir='ltr'>res</span> <span class='ocrx_word' id='word_1_248' title='bbox 1335 3151 1453 3216; x_wconf 90' lang='lat' dir='ltr'>eisdem</span> 
     </span>
     <span class='ocr_line' id='line_1_28' title="bbox 178 3263 908 3348; baseline 0 -22"><span class='ocrx_word' id='word_1_249' title='bbox 178 3263 281 3328; x_wconf 79' lang='lat' dir='ltr'>verbis</span> <span class='ocrx_word' id='word_1_250' title='bbox 305 3283 471 3348; x_wconf 87' lang='lat' dir='ltr'>expressae</span> <span class='ocrx_word' id='word_1_251' title='bbox 495 3264 577 3348; x_wconf 89' lang='lat' dir='ltr'>apud</span> <span class='ocrx_word' id='word_1_252' title='bbox 601 3263 729 3327; x_wconf 88' lang='lat' dir='ltr'>Livium</span> <span class='ocrx_word' id='word_1_253' title='bbox 751 3264 908 3346; x_wconf 83' lang='lat' dir='ltr'>leguntur.</span> 
     </span>
    </p>

    <p class='ocr_par' dir='ltr' id='par_1_6' title="bbox 151 3369 1456 4421">
     <span class='ocr_line' id='line_1_29' title="bbox 265 3369 1454 3455; baseline -0.003 -21"><span class='ocrx_word' id='word_1_254' title='bbox 265 3371 315 3434; x_wconf 85' lang='lat' dir='ltr'>Ac</span> <span class='ocrx_word' id='word_1_255' title='bbox 336 3373 475 3455; x_wconf 91' lang='lat' dir='ltr'>primum</span> <span class='ocrx_word' id='word_1_256' title='bbox 499 3370 627 3453; x_wconf 91' lang='lat' dir='ltr'>quidem</span> <span class='ocrx_word' id='word_1_257' title='bbox 649 3377 796 3434; x_wconf 88' lang='lat' dir='ltr'>narratur</span> <span class='ocrx_word' id='word_1_258' title='bbox 818 3371 973 3454; x_wconf 89' lang='lat' dir='ltr'>proelium</span> <span class='ocrx_word' id='word_1_259' title='bbox 997 3369 1173 3446; x_wconf 83' lang='lat' dir='ltr'>adversum,</span> <span class='ocrx_word' id='word_1_260' title='bbox 1198 3369 1283 3453; x_wconf 92' lang='lat' dir='ltr'>quod</span> <span class='ocrx_word' id='word_1_261' title='bbox 1299 3369 1454 3431; x_wconf 90' lang='lat' dir='ltr'>commisit</span> 
     </span>
     <span class='ocr_line' id='line_1_30' title="bbox 151 3474 1454 3560; baseline -0.002 -20"><span class='ocrx_word' id='word_1_262' title='bbox 151 3476 306 3540; x_wconf 76' lang='lat' dir='ltr'>absente</span> <span class='ocrx_word' id='word_1_263' title='bbox 333 3478 482 3540; x_wconf 89' lang='lat' dir='ltr'>dictatore</span> <span class='ocrx_word' id='word_1_264' title='bbox 510 3477 550 3540; x_wconf 92' lang='lat' dir='ltr'>M.</span> <span class='ocrx_word' id='word_1_265' title='bbox 568 3479 725 3542; x_wconf 84' lang='lat' dir='ltr'>Aemilius</span> <span class='ocrx_word' id='word_1_266' title='bbox 753 3478 873 3541; x_wconf 88' lang='lat' dir='ltr'>Paulus</span> <span class='ocrx_word' id='word_1_267' title='bbox 900 3498 940 3541; x_wconf 89' lang='lat' dir='ltr'>m.</span> <span class='ocrx_word' id='word_1_268' title='bbox 970 3495 1040 3560; x_wconf 89' lang='lat' dir='ltr'>equ.</span> <span class='ocrx_word' id='word_1_269' title='bbox 1068 3475 1278 3539; x_wconf 88' lang='lat' dir='ltr'>Notissimum</span> <span class='ocrx_word' id='word_1_270' title='bbox 1306 3481 1353 3539; x_wconf 91' lang='lat' dir='ltr'>est</span> <span class='ocrx_word' id='word_1_271' title='bbox 1379 3474 1454 3538; x_wconf 91' lang='lat' dir='ltr'>belli</span> 
     </span>
     <span class='ocr_line' id='line_1_31' title="bbox 177 3582 1454 3668; baseline -0.004 -19"><span class='ocrx_word' id='word_1_272' title='bbox 177 3585 293 3649; x_wconf 91' lang='lat' dir='ltr'>Punici</span> <span class='ocrx_word' id='word_1_273' title='bbox 324 3586 454 3650; x_wconf 87' lang='lat' dir='ltr'>secundi</span> <span class='ocrx_word' id='word_1_274' title='bbox 484 3588 576 3650; x_wconf 89' lang='lat' dir='ltr'>initio</span> <span class='ocrx_word' id='word_1_275' title='bbox 608 3623 650 3631; x_wconf 93' lang='lat'>—</span> <span class='ocrx_word' id='word_1_276' title='bbox 684 3605 766 3648; x_wconf 90' lang='lat' dir='ltr'>anno</span> <span class='ocrx_word' id='word_1_277' title='bbox 797 3585 858 3648; x_wconf 79' lang='lat'>537</span> <span class='ocrx_word' id='word_1_278' title='bbox 883 3605 913 3648; x_wconf 90' lang='lat' dir='ltr'>u.</span> <span class='ocrx_word' id='word_1_279' title='bbox 938 3603 962 3646; x_wconf 93' lang='grc'>1.</span> <span class='ocrx_word' id='word_1_280' title='bbox 997 3621 1038 3630; x_wconf 82' lang='lat'><em>-</em></span> <span class='ocrx_word' id='word_1_281' title='bbox 1072 3603 1219 3668; x_wconf 84' lang='lat' dir='ltr'>magnam</span> <span class='ocrx_word' id='word_1_282' title='bbox 1250 3582 1348 3646; x_wconf 85' lang='lat' dir='ltr'>fuisse</span> <span class='ocrx_word' id='word_1_283' title='bbox 1380 3601 1454 3644; x_wconf 91' lang='lat' dir='ltr'>con-</span> 
     </span>
     <span class='ocr_line' id='line_1_32' title="bbox 176 3690 1454 3774; baseline -0.003 -19"><span class='ocrx_word' id='word_1_284' title='bbox 176 3695 350 3756; x_wconf 90' lang='lat' dir='ltr'>tentionem</span> <span class='ocrx_word' id='word_1_285' title='bbox 383 3695 466 3757; x_wconf 90' lang='lat' dir='ltr'>inter</span> <span class='ocrx_word' id='word_1_286' title='bbox 494 3692 528 3769; x_wconf 79' lang='lat' dir='ltr'>Q.</span> <span class='ocrx_word' id='word_1_287' title='bbox 557 3693 690 3758; x_wconf 81' lang='lat' dir='ltr'>Fabium</span> <span class='ocrx_word' id='word_1_288' title='bbox 717 3692 895 3756; x_wconf 85' lang='lat' dir='ltr'>Maximum</span> <span class='ocrx_word' id='word_1_289' title='bbox 928 3693 1058 3774; x_wconf 86' lang='lat' dir='ltr'>ejusque</span> <span class='ocrx_word' id='word_1_290' title='bbox 1090 3693 1276 3774; x_wconf 83' lang='lat' dir='ltr'>magistrum</span> <span class='ocrx_word' id='word_1_291' title='bbox 1311 3690 1454 3772; x_wconf 87' lang='lat' dir='ltr'>equitum</span> 
     </span>
     <span class='ocr_line' id='line_1_33' title="bbox 177 3798 1455 3885; baseline -0.004 -22"><span class='ocrx_word' id='word_1_292' title='bbox 177 3799 414 3864; x_wconf 74' lang='lat' dir='ltr'>mummium</span> <span class='ocrx_word' id='word_1_293' title='bbox 436 3799 568 3882; x_wconf 88' lang='lat' dir='ltr'>Rufum,</span> <span class='ocrx_word' id='word_1_294' title='bbox 597 3801 682 3885; x_wconf 91' lang='lat' dir='ltr'>quod</span> <span class='ocrx_word' id='word_1_295' title='bbox 708 3801 761 3864; x_wconf 89' lang='lat' dir='ltr'>hic</span> <span class='ocrx_word' id='word_1_296' title='bbox 787 3801 876 3862; x_wconf 85' lang='lat' dir='ltr'>ferox</span> <span class='ocrx_word' id='word_1_297' title='bbox 904 3798 1096 3882; x_wconf 89' lang='lat' dir='ltr'>rapidusque</span> <span class='ocrx_word' id='word_1_298' title='bbox 1119 3798 1242 3860; x_wconf 90' lang='lat' dir='ltr'>consilii</span> <span class='ocrx_word' id='word_1_299' title='bbox 1265 3814 1455 3880; x_wconf 82' lang='lat' dir='ltr'>magnopere</span> 
     </span>
     <span class='ocr_line' id='line_1_34' title="bbox 179 3906 1455 3991; baseline -0.003 -21"><span class='ocrx_word' id='word_1_300' title='bbox 179 3907 268 3971; x_wconf 83' lang='lat' dir='ltr'>Fabii</span> <span class='ocrx_word' id='word_1_301' title='bbox 290 3907 429 3971; x_wconf 90' lang='lat' dir='ltr'>bellandi</span> <span class='ocrx_word' id='word_1_302' title='bbox 450 3910 604 3972; x_wconf 89' lang='lat' dir='ltr'>rationem</span> <span class='ocrx_word' id='word_1_303' title='bbox 628 3907 835 3991; x_wconf 86' lang='lat' dir='ltr'>improbasset</span> <span class='ocrx_word' id='word_1_304' title='bbox 844 3906 878 3989; x_wconf 84' lang='lat'>¹);</span> <span class='ocrx_word' id='word_1_305' title='bbox 903 3911 971 3969; x_wconf 91' lang='lat' dir='ltr'>tum</span> <span class='ocrx_word' id='word_1_306' title='bbox 995 3912 1100 3969; x_wconf 91' lang='lat' dir='ltr'>autem</span> <span class='ocrx_word' id='word_1_307' title='bbox 1120 3907 1154 3968; x_wconf 94' lang='lat' dir='ltr'>in</span> <span class='ocrx_word' id='word_1_308' title='bbox 1170 3925 1236 3968; x_wconf 90' lang='lat' dir='ltr'>eam</span> <span class='ocrx_word' id='word_1_309' title='bbox 1253 3923 1455 3989; x_wconf 87' lang='lat' dir='ltr'>progressum</span> 
     </span>
     <span class='ocr_line' id='line_1_35' title="bbox 180 4009 1455 4097; baseline -0.003 -19"><span class='ocrx_word' id='word_1_310' title='bbox 180 4033 247 4078; x_wconf 88' lang='lat' dir='ltr'>esse</span> <span class='ocrx_word' id='word_1_311' title='bbox 278 4015 479 4078; x_wconf 90' lang='lat' dir='ltr'>insolentiam</span> <span class='ocrx_word' id='word_1_312' title='bbox 506 4014 547 4078; x_wconf 91' lang='lat' dir='ltr'>M.</span> <span class='ocrx_word' id='word_1_313' title='bbox 571 4014 748 4078; x_wconf 89' lang='lat' dir='ltr'>Minucium</span> <span class='ocrx_word' id='word_1_314' title='bbox 756 4013 789 4096; x_wconf 68' lang='lat'>²),</span> <span class='ocrx_word' id='word_1_315' title='bbox 821 4021 857 4078; x_wconf 93' lang='lat' dir='ltr'>ut</span> <span class='ocrx_word' id='word_1_316' title='bbox 886 4032 1079 4097; x_wconf 89' lang='lat' dir='ltr'>quamquam</span> <span class='ocrx_word' id='word_1_317' title='bbox 1103 4011 1137 4088; x_wconf 78' lang='lat' dir='ltr'>Q.</span> <span class='ocrx_word' id='word_1_318' title='bbox 1161 4010 1277 4074; x_wconf 84' lang='lat' dir='ltr'>Fabius</span> <span class='ocrx_word' id='word_1_319' title='bbox 1308 4009 1455 4093; x_wconf 87' lang='lat' dir='ltr'>precibus</span> 
     </span>
     <span class='ocr_line' id='line_1_36' title="bbox 181 4117 1456 4206; baseline -0.004 -22"><span class='ocrx_word' id='word_1_320' title='bbox 181 4121 219 4184; x_wconf 93' lang='lat' dir='ltr'>ab</span> <span class='ocrx_word' id='word_1_321' title='bbox 246 4140 282 4185; x_wconf 91' lang='lat' dir='ltr'>ee</span> <span class='ocrx_word' id='word_1_322' title='bbox 309 4123 462 4206; x_wconf 87' lang='lat' dir='ltr'>petiisset,</span> <span class='ocrx_word' id='word_1_323' title='bbox 490 4128 526 4185; x_wconf 92' lang='lat' dir='ltr'>ut</span> <span class='ocrx_word' id='word_1_324' title='bbox 551 4123 678 4206; x_wconf 89' lang='lat' dir='ltr'>proeliis</span> <span class='ocrx_word' id='word_1_325' title='bbox 702 4121 884 4204; x_wconf 88' lang='lat' dir='ltr'>abstineret,</span> <span class='ocrx_word' id='word_1_326' title='bbox 910 4127 1017 4184; x_wconf 89' lang='lat' dir='ltr'>tamen</span> <span class='ocrx_word' id='word_1_327' title='bbox 1039 4139 1153 4182; x_wconf 90' lang='lat' dir='ltr'>manus</span> <span class='ocrx_word' id='word_1_328' title='bbox 1176 4137 1248 4180; x_wconf 91' lang='lat' dir='ltr'>cum</span> <span class='ocrx_word' id='word_1_329' title='bbox 1271 4117 1360 4180; x_wconf 89' lang='lat' dir='ltr'>hoste</span> <span class='ocrx_word' id='word_1_330' title='bbox 1382 4135 1456 4180; x_wconf 91' lang='lat' dir='ltr'>con-</span> 
     </span>
     <span class='ocr_line' id='line_1_37' title="bbox 182 4223 1456 4314; baseline -0.004 -22"><span class='ocrx_word' id='word_1_331' title='bbox 182 4235 303 4292; x_wconf 86' lang='lat' dir='ltr'>sereret.</span> <span class='ocrx_word' id='word_1_332' title='bbox 341 4228 447 4312; x_wconf 87' lang='lat' dir='ltr'>Hujus</span> <span class='ocrx_word' id='word_1_333' title='bbox 469 4231 669 4314; x_wconf 90' lang='lat' dir='ltr'>potissimum</span> <span class='ocrx_word' id='word_1_334' title='bbox 690 4229 801 4314; x_wconf 84' lang='lat' dir='ltr'>proelii</span> <span class='ocrx_word' id='word_1_335' title='bbox 824 4231 945 4292; x_wconf 89' lang='lat' dir='ltr'>tristem</span> <span class='ocrx_word' id='word_1_336' title='bbox 968 4233 1116 4292; x_wconf 87' lang='lat' dir='ltr'>eventum</span> <span class='ocrx_word' id='word_1_337' title='bbox 1138 4228 1173 4288; x_wconf 91' lang='lat' dir='ltr'>iu</span> <span class='ocrx_word' id='word_1_338' title='bbox 1189 4231 1294 4288; x_wconf 90' lang='lat' dir='ltr'>mente</span> <span class='ocrx_word' id='word_1_339' title='bbox 1308 4223 1456 4288; x_wconf 86' lang='lat' dir='ltr'>habuisse</span> 
     </span>
     <span class='ocr_line' id='line_1_38' title="bbox 181 4333 1455 4421; baseline -0.002 -23"><span class='ocrx_word' id='word_1_340' title='bbox 181 4336 291 4419; x_wconf 92' lang='lat' dir='ltr'>opinor</span> <span class='ocrx_word' id='word_1_341' title='bbox 314 4341 464 4418; x_wconf 88' lang='lat' dir='ltr'>auctores,</span> <span class='ocrx_word' id='word_1_342' title='bbox 488 4356 561 4400; x_wconf 90' lang='lat' dir='ltr'>cum</span> <span class='ocrx_word' id='word_1_343' title='bbox 584 4336 622 4400; x_wconf 91' lang='lat' dir='ltr'>de</span> <span class='ocrx_word' id='word_1_344' title='bbox 645 4338 761 4421; x_wconf 86' lang='lat' dir='ltr'>pugnis</span> <span class='ocrx_word' id='word_1_345' title='bbox 785 4335 925 4400; x_wconf 85' lang='lat' dir='ltr'>adversis</span> <span class='ocrx_word' id='word_1_346' title='bbox 949 4354 1028 4418; x_wconf 90' lang='lat' dir='ltr'>quas</span> <span class='ocrx_word' id='word_1_347' title='bbox 1052 4334 1180 4398; x_wconf 90' lang='lat' dir='ltr'>absente</span> <span class='ocrx_word' id='word_1_348' title='bbox 1202 4334 1253 4396; x_wconf 88' lang='lat' dir='ltr'>vel</span> <span class='ocrx_word' id='word_1_349' title='bbox 1276 4333 1455 4396; x_wconf 92' lang='lat' dir='ltr'>inconsulto</span> 
     </span>
    </p>
   </div>
   <div class='ocr_carea' id='block_1_6' title="bbox 274 4565 752 4636">
    <p class='ocr_par' dir='ltr' id='par_1_7' title="bbox 274 4565 752 4636">
     <span class='ocr_line' id='line_1_39' title="bbox 274 4565 752 4636; baseline -0.002 -16"><span class='ocrx_word' id='word_1_350' title='bbox 274 4567 293 4636; x_wconf 77' lang='lat'>1)</span> <span class='ocrx_word' id='word_1_351' title='bbox 312 4565 394 4620; x_wconf 86' lang='grc'>1111.</span> <span class='ocrx_word' id='word_1_352' title='bbox 416 4567 456 4619; x_wconf 82' lang='grc'>11.</span> <span class='ocrx_word' id='word_1_353' title='bbox 494 4598 527 4605; x_wconf 90' lang='grc'>-</span> <span class='ocrx_word' id='word_1_354' title='bbox 566 4567 587 4632; x_wconf 75' lang='lat'>2)</span> <span class='ocrx_word' id='word_1_355' title='bbox 606 4565 689 4620; x_wconf 85' lang='grc'>1111.</span> <span class='ocrx_word' id='word_1_356' title='bbox 712 4566 752 4622; x_wconf 87' lang='lat'>18.</span> 
     </span>
    </p>
   </div>
   <div class='ocr_carea' id='block_1_7' title="bbox 0 0 1623 5082">
    <p class='ocr_par' dir='ltr' id='par_1_8' title="bbox 0 0 1623 5082">
     <span class='ocr_line' id='line_1_40' title="bbox 0 0 1623 5082; baseline 0 0"><span class='ocrx_word' id='word_1_357' title='bbox 0 0 1623 5082; x_wconf 95' lang='lat' dir='ltr'> </span> 
     </span>
    </p>
   </div>
  </div>
 </body>
</html>
