3216 5082
734 213 953 276 „15-

206 394 332 458 Pisonis
364 394 544 457 vetustioris
577 393 736 476 scriptoris
765 393 949 455 auctoritate
972 397 1091 472 motus,
1120 412 1200 474 quae
1224 390 1414 454 exhibebant
1436 391 1483 454 illi

207 503 387 584 scriptores,
411 499 521 562 Livius
549 501 669 582 respuit
697 504 727 561 et
754 498 905 562 fastorum
935 491 1147 561 diversitatem
1172 499 1280 562 eodem
1304 499 1483 582 modoque

207 607 264 670 IX.
286 607 333 670 15.
358 606 399 670 X.
418 609 436 669 3
466 607 636 689 explanare
659 606 771 668 studet.
818 605 888 668 Hoc
916 611 1019 668 autern
1044 611 1188 668 nostrum
1211 612 1304 689 caput
1327 626 1391 668 non
1413 625 1484 689 pro-

207 721 312 797 pterea
336 715 439 777 solum
463 714 636 776 notandum
660 718 715 794 est,
740 713 824 796 quod
839 713 955 776 multos
972 715 1054 776 inter
1069 733 1103 775 se
1119 713 1290 776 contulisse
1306 712 1431 776 Livium
1448 733 1484 776 ao

208 822 356 902 efficitur,
380 821 435 884 sed
459 822 553 883 etiam
578 821 662 904 quod
685 820 744 882 hoc
762 820 830 882 loco
846 821 961 882 iterum
977 821 1204 902 cognoscimus,
1229 840 1326 902 quam
1342 828 1485 882 accurate

206 928 343 992 fontium
375 929 578 1011 proprietates
611 926 721 990 Livius
753 929 927 990 retinuerit.
979 927 1060 990 Nam
1092 946 1221 1011 prorsus
1254 949 1272 989 a
1299 926 1381 990 Livii
1413 947 1485 989 con-

209 1036 377 1098 suetudine
401 1034 546 1096 abhorret
569 1034 645 1096 haec
669 1033 793 1096 dicendi
816 1036 908 1096 ratio:
934 1033 988 1096 (ln.
1006 1033 1164 1097 Domitius
1189 1033 1246 1096 Cn.
1267 1034 1306 1097 F.
1328 1034 1485 1114 Calvinus7

209 1163 305 1225 quam
328 1144 360 1203 in
385 1142 472 1204 fastis
496 1141 662 1223 diligenter
686 1141 874 1223 compositis,
898 1161 938 1203 ne
962 1143 1091 1203 nomina
1106 1143 1189 1204 inter
1205 1161 1239 1204 se
1254 1141 1486 1204 confundantur

209 1267 331 1331 semper
358 1249 538 1310 invenimus
549 1249 578 1324 ¹).
625 1247 703 1310 Jure
732 1249 829 1330 igitur
851 1247 976 1310 Pisonis
1005 1250 1183 1311 testimonio
1212 1251 1301 1312 nisus
1320 1247 1433 1310 Licinii
1456 1255 1486 1309 et

210 1363 239 1419 et
262 1355 435 1418 Tuberonis
468 1356 679 1417 narrationem
712 1360 748 1417 ut
774 1354 913 1418 fabulam
941 1356 1088 1417 »mixtam
1116 1374 1156 1417 ex
1185 1355 1335 1418 aediliciis
1360 1360 1390 1418 et
1414 1373 1486 1417 oon-

210 1461 368 1526 sularibus
393 1463 542 1524 comitiis«
564 1463 661 1542 reicit,
685 1467 715 1524 et
737 1463 770 1524 id
794 1467 918 1525 tanturn
941 1464 1095 1524 miramur
1115 1481 1195 1545 quae
1210 1462 1261 1524 hio
1276 1462 1391 1525 Pisone
1410 1469 1486 1524 teste

210 1570 352 1633 fabulose
380 1571 418 1632 de
446 1571 648 1652 magistratus
671 1569 887 1652 repudiatione
910 1574 1036 1631 narrata
1060 1587 1127 1631 essa
1151 1574 1351 1652 cognoverat,
1380 1569 1486 1632 eadem

209 1677 293 1740 infra
316 1678 440 1760 saepius
465 1679 566 1759 specie
586 1677 721 1760 quadam
740 1677 881 1739 veritatis
899 1677 1004 1758 repeti.
1027 1713 1067 1720 —

300 1783 361 1846 Sed
392 1784 453 1846 hoc
486 1802 624 1846 excursu
656 1785 763 1846 critico
796 1785 985 1846 narrationis
1018 1791 1124 1846 tenore
1155 1785 1329 1866 interrupto
1357 1785 1489 1866 scriptor

210 1911 322 1954 rursus
351 1891 390 1952 ad
417 1910 468 1953 res
494 1892 578 1974 ipsas
608 1909 689 1973 quae
718 1889 758 1952 M.
779 1889 893 1952 Fulvio
917 1890 1013 1953 Paeto
1035 1890 1067 1953 Τ.
1089 1889 1208 1952 Manho
1231 1891 1387 1974 Torquato
1411 1909 1486 1952 coss.

210 1998 401 2082 gerebantur
429 1997 631 2080 exponendas
660 2017 693 2060 se
720 1999 821 2060 vertit.
868 1997 983 2060 Narrat
1010 1999 1107 2080 igitur
1130 1997 1314 2081 Nequinum
1339 1998 1489 2081 oppidum

213 2106 297 2188 quod
320 2105 475 2188 Apulejus
507 2106 620 2188 prioris
653 2106 729 2166 anni
761 2105 872 2168 consul
905 2124 963 2168 nec
995 2107 1028 2166 vi
1060 2124 1118 2167 nec
1150 2107 1347 2168 munimento
1380 2124 1490 2189 capere

212 2214 364 2295 potuisset
390 2213 566 2294 proditione
595 2212 730 2274 duorum
759 2231 798 2274 ex
828 2213 990 2295 oppidanis
1021 2215 1076 2296 qui
1100 2213 1247 2275 cuniculo
1269 2212 1429 2276 Romanos
1456 2214 1490 2274 in

213 2319 323 2382 urbem
355 2320 559 2403 recepissent,
591 2321 625 2380 in
660 2319 816 2381 dicionem
848 2321 956 2403 populi
983 2320 1119 2383 Romani
1151 2321 1283 2383 venisse.
1339 2318 1413 2381 Non
1445 2325 1491 2382 est

214 2446 325 2510 operae
357 2428 476 2510 largius
509 2427 722 2488 demonstrare
756 2447 819 2509 qua
850 2426 912 2489 fide
942 2429 1035 2510 digna
1063 2429 1104 2490 sit
1130 2428 1208 2490 haec
1233 2428 1372 2489 narratio
1400 2428 1490 2489 cuius

214 2539 322 2596 auctor
353 2535 388 2595 in
420 2534 479 2595 hac
513 2535 698 2615 autiquitate
730 2553 835 2596 rerum
868 2553 1130 2617 unumquemque
1162 2554 1242 2597 rem:
1283 2533 1489 2616 proditionem
1585 2579 1586 2584 η

214 2640 451 2724 Nequinatium
475 2639 607 2702 consilia
628 2641 838 2722 imperatoris,
862 2641 1098 2723 occupationem
1123 2642 1228 2724 oppidi
1253 2640 1485 2723 diligentissime

216 2747 406 2826 describit2);
444 2749 560 2829 optime
587 2748 672 2808 enim
701 2768 796 2830 quam
824 2748 946 2810 lubrica
969 2750 1009 2811 sit
1031 2747 1110 2810 fides
1135 2755 1311 2828 auctorum
1336 2767 1417 2830 quos
1437 2746 1483 2808 ad-

215 2855 317 2918 hibuit
339 2853 450 2917 Livius
474 2873 514 2916 ex
538 2854 744 2936 sequentibus
767 2857 970 2938 paragraphis
993 2857 1056 2937 huj.
1082 2875 1147 2939 cap.
1164 2855 1317 2929 videmus,
1343 2855 1490 2937 quoniam

216 2963 253 3025 de
289 2963 348 3024 hac
382 2960 544 3024 Gallorum
581 2963 763 3024 incursione
796 2961 967 3042 Polybium
975 2963 998 3044 3)
1031 2982 1200 3045 possumus
1234 2962 1406 3025 consulere.
1462 2961 1492 3024 Is

216 3071 300 3134 enim
334 3075 442 3132 auctor
474 3071 667 3132 certissimus
697 3070 777 3132 nihil
805 3070 843 3130 de
871 3069 1012 3142 Etruscis
1043 3071 1178 3152 deceptis
1212 3075 1242 3132 et
1271 3069 1369 3133 (dalbs
1403 3089 1493 3153 agros

216 3176 448 3261 postulantibus
472 3176 607 3257 exhibet,
631 3178 685 3239 sed
709 3178 813 3260 potius
831 3175 936 3240 Gallos
960 3197 1051 3260 agros
1069 3176 1284 3240 Romanorum
1299 3183 1494 3260 pervastasse

218 3290 248 3347 et
270 3284 386 3367 praeda
409 3290 538 3346 onustos
562 3284 691 3346 domum
718 3284 848 3347 rediisse
876 3284 978 3346 tradit.
1026 3283 1086 3347 Sed
1110 3284 1293 3367 diligentius
1318 3285 1356 3348 de
1380 3285 1494 3347 haere

218 3390 300 3452 infra
332 3389 549 3453 edisseremus.
574 3428 615 3435 -
642 3390 700 3453 Oui
732 3392 871 3454 tumultu
902 3393 957 3474 qui
979 3397 1105 3474 propter
1133 3391 1304 3455 adventum
1332 3390 1494 3454 Gallorum

217 3496 336 3559 Romae
369 3502 455 3560 ortus
488 3517 556 3560 esse
589 3499 703 3561 dicitur
731 3517 780 3561 res
810 3497 883 3561 aP.
902 3497 1020 3560 Manlio
1049 3504 1080 3561 et
1103 3497 1143 3561 M.
1155 3498 1282 3562 Valerio
1310 3501 1344 3562 in
1367 3499 1495 3562 Etruria

219 3609 325 3687 gestae
360 3605 583 3685 adnectuntur,
620 3611 688 3668 tum
726 3607 869 3688 sequitur
905 3606 1075 3686 indicium,
1113 3607 1198 3689 quod
1230 3607 1269 3669 de
1301 3605 1494 3669 Samnitibus

218 3711 337 3774 bellum
376 3712 579 3774 molientibus
614 3712 758 3774 Picentes
795 3713 943 3775 fecerunt.
1001 3713 1107 3795 Atque
1146 3733 1216 3775 cum
1257 3732 1297 3775 ex
1330 3714 1380 3776 his
1416 3731 1495 3796 quae

312 4013 331 4081 ¹)
352 4012 456 4067 Eadem
475 4011 626 4083 diligentia
644 4013 730 4067 etiam
749 4012 804 4066 alio
824 4013 894 4068 loco·
905 4013 953 4082 qui
973 4013 1062 4068 Gellio
1074 4047 1108 4054 -
1119 4014 1175 4068 Vll.
1192 4016 1251 4068 9-
1263 4018 1334 4068 teste
1354 4031 1369 4068 e
1387 4012 1495 4067 Pisonis

221 4102 368 4156 annalibus
391 4101 483 4165 fiuxit;
507 4101 648 4155 invenitur
667 4103 713 4156 IX.
728 4103 770 4156 46.
792 4104 818 4156 1:
843 4103 890 4157 Cn.
910 4103 1020 4157 Flavius
1040 4103 1087 4156 Cn.
1107 4103 1178 4156 iilius
1198 4104 1295 4158 scriba.
1316 4135 1349 4142 —
1368 4102 1495 4156 Pisonem

220 4192 301 4245 rebus
321 4191 525 4260 chronologicis
540 4208 651 4260 operam
668 4209 784 4246 navasse
795 4191 856 4260 jam
869 4192 984 4246 Peterus
998 4193 1108 4246 monuit
1122 4193 1163 4245 in:
1183 4193 1247 4247 hist.
1258 4193 1335 4246 Rom.
1352 4192 1495 4261 relliquiae

221 4281 241 4334 Ι.
260 4298 287 4349 p.
304 4279 404 4334 CXCII.
441 4279 514 4349 Lips.
538 4281 613 4334 1870.

312 4369 333 4452 l)
353 4368 426 4434 Quin
446 4387 478 4423 eo
498 4373 625 4438 tempore
645 4369 805 4439 Nequinum
825 4370 861 4424 sit
880 4375 1004 4440 captum,
1023 4375 1141 4426 nonest
1160 4370 1284 4424 dubium.

313 4459 385 4530 ³)11.
409 4460 449 4513 19.
