3134 5082
776 227 995 290 ..50-

244 405 348 467 hostes
383 406 482 468 territi
514 410 699 470 sternuntur
734 410 828 488 atque
861 403 1052 488 fugantur.¹)
1104 404 1205 487 Atqui
1238 405 1437 467 notissimum
1473 415 1522 474 est

243 510 370 576 livium
401 514 435 575 in
467 513 570 596 prima
603 513 718 604 decade
749 513 916 598 praecipue
948 511 1071 576 duobus
1104 513 1151 575 uti
1178 511 1374 593 auctoribus,
1398 511 1523 574 Valerio

246 619 368 682 Antiati
392 623 422 682 et
444 617 566 682 Licinio
589 617 709 701 Macro,
740 619 825 682 hunc
857 623 962 682 autem
992 619 1027 681 in
1059 619 1160 703 capite
1193 619 1242 682 38.
1280 617 1352 681 libri
1378 621 1457 682 noni
1486 621 1526 680 ita

244 724 359 806 laudat,
382 729 418 787 ut
441 725 509 788 eius
532 726 661 789 annales
685 731 828 788 nostrum
851 727 885 788 in
906 723 938 788 L
955 723 1073 808 Papirii
1096 725 1193 808 patris
1213 723 1307 788 rebus
1330 726 1524 809 exponendis

243 849 309 893 non
331 850 399 894 esse
422 836 566 895 secutum
587 831 659 894 luce
681 833 723 896 sit
745 831 868 895 clarius.
915 829 1057 894 Manebit
1078 831 1176 914 igitur
1191 830 1224 893 id
1244 830 1413 913 quodiam
1431 851 1526 914 supra

247 937 402 1019 contendi,
425 937 596 1019 Antiatem,
619 939 710 1001 cuius
733 938 862 1001 annales
876 936 1019 1001 ubertate
1040 936 1176 1020 quadam
1191 935 1387 1001 abundantes
1404 945 1526 1021 praeter

244 1049 362 1108 ceteros
385 1045 468 1129 apud
484 1044 643 1109 Romanos
665 1044 859 1128 legebantur,
882 1066 901 1108 a
923 1043 1014 1109 Livio
1036 1046 1071 1107 in
1094 1045 1154 1107 hac
1169 1046 1271 1128 operis
1287 1047 1337 1108 sui
1352 1051 1441 1129 parte
1455 1065 1526 1109 csse

244 1151 457 1236 exscriptos.2)
481 1189 523 1198 —
547 1153 621 1217 Jam
644 1172 743 1238 supra
768 1172 839 1217 cnm
868 1154 906 1217 de
932 1154 1036 1237 priore
1064 1171 1147 1215 anno
1182 1152 1374 1237 disputarem
1395 1151 1525 1217 livium

242 1278 307 1322 non
331 1259 435 1322 solum
457 1279 522 1324 non
545 1279 619 1323 cum
642 1261 753 1324 ceteris
775 1259 956 1324 auctoribus
980 1261 1172 1346 conspirare,
1196 1260 1251 1324 sod
1272 1279 1313 1328 nc
1337 1280 1411 1324 cum
1433 1262 1522 1325 fastis

244 1366 373 1450 quidem
396 1366 641 1451 triumphalibus
658 1367 813 1430 adnotavi
860 1369 909 1430 Ac
929 1387 1121 1451 quamquam
1142 1373 1317 1432 ceterorum
1335 1369 1523 1452 scriptorum

242 1474 410 1538 relationes
436 1472 547 1538 livius
573 1476 607 1537 in
635 1474 731 1538 huius
759 1475 835 1538 anni
861 1473 926 1538 fine
953 1494 1018 1538 non
1040 1479 1194 1556 recenset,
1222 1481 1327 1539 tamen
1355 1494 1396 1539 ne
1429 1477 1522 1538 huius

244 1581 375 1665 quidem
398 1583 473 1646 anni
496 1583 682 1646 memoriam
705 1587 903 1645 constantem
924 1582 1023 1646 trisse
1046 1588 1076 1646 et
1099 1581 1250 1646 catastis
1278 1583 1521 1667 triumphalibus

243 1694 379 1773 apparet.
402 1689 577 1753 secundum
601 1709 680 1773 quos
700 1688 751 1773 Sp.
765 1688 920 1753 Carvilius
944 1695 1016 1753 ante
1038 1687 1072 1752 L.
1090 1688 1253 1772 Papirium
1276 1689 1382 1753 idibus
1402 1689 1521 1753 111111-

241 1798 297 1860 riis
321 1797 360 1860 de
383 1795 577 1860 Samnitibus
600 1797 818 1880 triumphavit,
847 1803 877 1861 et
900 1815 940 1860 ex
963 1797 1031 1861 loco
1056 1796 1194 1880 quodam
1216 1795 1345 1875 Plinii³l
1375 1816 1440 1880 quo
1470 1796 1517 1880 Sp.

244 1902 399 1968 Carvilius
428 1925 445 1968 e
473 1905 683 1989 pectoralibus
712 1906 874 1989 ocreisque
902 1911 932 1968 et
946 1904 1056 1987 ‘galeis
1080 1901 1271 1968 Samnitium
1298 1907 1432 1966 sacrata
1456 1904 1519 1986 lege

242 2013 452 2095 pugnantium
475 2030 680 2096 permagnam
695 2011 786 2076 Jovis
809 2017 946 2076 statuam
968 2010 1079 2075 fecisse
1102 2016 1262 2090 narratum
1288 2031 1350 2094 quo
1373 2030 1415 2074 ex
1440 2013 1520 2074 tasti-

242 2121 349 2182 monio
371 2121 476 2183 nescio
501 2139 541 2182 an
565 2120 752 2182 concludere
774 2120 875 2203 possis
898 2119 996 2182 fuisse
1012 2120 1068 2202 qui
1088 2118 1254 2200 traderent
1269 2118 1361 2180 ambo
1378 2119 1519 2181 consides

243 2225 283 2288 ad
303 2227 510 2310 Aquiloniam
538 2232 647 2290 contra
673 2230 844 2290 sacratum
871 2227 1050 2288 exercitum·
1072 2245 1139 2288 rem
1166 2227 1300 2309 gessisse
1328 2224 1520 2308 eandemque

242 2333 302 2396 hoc
324 2333 393 2396 loco
416 2331 609 2396 intercedere
630 2335 782 2398 rationem
801 2353 838 2396 ac
853 2354 949 2418 supra
974 2336 1009 2396 in
1030 2353 1094 2418 cap.
1113 2333 1162 2396 37.
1180 2333 1198 2414 ξ
1217 2333 1266 2394 14.
1300 2332 1421 2394 Auctor
1440 2334 1519 2394 enim

243 2439 328 2502 Livii
351 2447 388 2504 ut
409 2439 587 2504 uberiorem
604 2441 839 2524 plenioremque
859 2443 1068 2504 narrationem
1095 2439 1242 2504 exhibere
1261 2444 1373 2522 posset,
1390 2445 1518 2521 utroque

243 2566 327 2610 anno
366 2547 498 2611 diversis
533 2547 609 2612 locis
646 2550 847 2632 imperatores
883 2546 1042 2612 Romanos
1078 2547 1197 2610 bellum
1233 2551 1375 2628 gerentes
1413 2546 1515 2610 fecisse

242 2653 409 2736 videtur4).

333 2882 353 2950 1)
372 2881 474 2936 Mirum
496 2888 550 2949 est,
575 2884 650 2953 quod
672 2887 702 2939 et
724 2885 778 2953 ipsi
801 2883 913 2938 Etrusci
935 2900 967 2938 ec
991 2899 1139 2952 annoque
1164 2882 1292 2953 Papirius
1311 2882 1434 2937 dictator
1454 2887 1505 2942 erat,

241 2976 298 3037 lege
315 2982 420 3023 sacrata
440 2972 591 3027 exercitum
610 2977 762 3044 coegerunt
781 2973 853 3029 conf.
873 2973 917 3026 IX.
933 2973 976 3027 39.
996 2974 1025 3025 5:
1052 2972 1131 3042 „lege
1149 2975 1260 3026 sacrata
1283 2975 1380 3026 coacto
1401 2971 1509 3027 exercita

242 3077 306 3115 cum
324 3061 366 3115 vir
383 3061 474 3116 virum
491 3062 621 3132 legisset‘
643 3065 672 3118 et
689 3064 721 3118 X.
742 3063 784 3118 38.
805 3064 851 3118 12:
871 3063 928 3132 „eis
947 3062 1061 3127 dictum,
1081 3065 1114 3116 ut
1132 3062 1174 3116 vir
1193 3061 1283 3116 virum
1300 3062 1431 3132 legeret“.

331 3149 355 3215 ²)
374 3149 448 3204 Num
466 3151 538 3206 forte
556 3151 688 3206 accidisse
706 3156 800 3222 putas,
820 3152 901 3208 utin
919 3151 1064 3221 utriusque
1084 3151 1214 3205 annifine
1232 3151 1332 3220 quibus
1347 3151 1452 3220 Papirii
1466 3169 1514 3206 rem

243 3238 386 3308 gerebant,
405 3244 504 3295 auctor
517 3240 588 3295 Livii
605 3241 677 3295 haec
695 3241 812 3296 adiciat:
832 3241 876 3296 IX.
896 3242 940 3296 40.
960 3242 1007 3296 20:
1026 3240 1215 3314 legationibus
1225 3238 1354 3294 Etruriae
1369 3241 1515 3295 amicitiam

241 3329 403 3398 petentibus
420 3349 487 3400 prae
507 3348 534 3385 se
552 3330 670 3385 Romam
693 3332 729 3385 ad
752 3335 881 3386 senatum
903 3331 994 3384 missis
1016 3336 1107 3383 cnsarul
1122 3335 1315 3397 praestantiore
1337 3335 1414 3382 etaiam
1437 3349 1515 3399 quam

242 3423 351 3470 datam
369 3419 545 3489 triumphans
563 3420 662 3474 urbem
681 3423 723 3474 est
740 3421 880 3486 invectus;
899 3421 931 3476 X.
947 3421 990 3474 46.
1003 3421 1048 3474 13:
1066 3419 1111 3474 his
1129 3420 1211 3474 rebus
1222 3418 1294 3474 actis
1304 3419 1514 3489 adtrinmphun

242 3507 413 3562 decessit-
432 3508 490 3564 scil.
515 3509 650 3564 Carvilius
674 3543 708 3551 —
731 3513 765 3564 ut
788 3515 875 3562 minus
904 3515 1007 3562 clarum
1030 3510 1064 3564 de
1088 3508 1260 3563 Samnitibus
1289 3525 1375 3578 quam
1399 3510 1513 3579 collegae

242 3596 407 3667 triumphus,
427 3603 463 3650 ita
481 3605 583 3651 cumulo
601 3603 710 3651 Etrusci
726 3605 787 3652 belli
802 3602 964 3668 aequatum?

333 3686 354 3758 ³)
373 3686 445 3741 Plin.
467 3686 564 3742 histor.
584 3692 642 3742 nat.
667 3687 787 3744 XXXIV.
809 3691 832 3744 7.
851 3689 894 3744 43.
924 3688 1012 3743 Hunc·
1027 3689 1121 3742 locum
1143 3687 1242 3741 laudat
1264 3685 1433 3742 Niebuhrius
1455 3687 1511 3742 hist.

241 3775 320 3830 Rom.
343 3776 396 3830 111³
418 3776 472 3831 463
496 3777 559 3831 adn.
584 3777 637 3832 663
660 3781 689 3833 et
712 3796 883 3848 quamquam
906 3778 936 3831 in
964 3778 1063 3833 ceteris
1085 3794 1179 3847 presse
1206 3775 1277 3846 legit
1299 3775 1372 3831 Livii
1394 3777 1512 3847 vestigia,

240 3867 336 3920 tamen
354 3883 390 3921 ne
408 3865 525 3919 nimiam
542 3865 673 3920 fiduciam
690 3885 783 3922 rernm
802 3885 872 3937 quas
891 3867 1105 3938 diligentissime
1123 3866 1216 3920 Livius
1240 3883 1378 3935 exponere
1393 3866 1513 3921 videatur

240 3953 399 4020 habeamus,
418 3971 502 4024 opera
520 3954 588 4008 data
606 3960 708 4011 monet.

331 4044 353 4114 ⁴)
372 4043 500 4099 Fortasse
517 4044 571 4098 hac
589 4061 622 4098 ex
640 4062 669 4100 re
684 4045 858 4115 perspicitur,
874 4045 924 4115 qui
937 4045 996 4100 fieri
1014 4045 1147 4114 potuerit,
1162 4049 1195 4099 nt
1208 4045 1316 4099 numeri
1325 4063 1396 4114 qnos
1410 4047 1515 4101 exhibet

242 4133 334 4188 Livius
358 4150 421 4187 cum
440 4133 522 4188 rebus
545 4132 613 4203 ipsis
636 4151 693 4187 non
718 4135 894 4190 conveniant.
932 4134 1004 4188 Nam
1023 4151 1194 4204 quamquam
1214 4133 1307 4188 Livius
1325 4151 1381 4203 quo
1405 4135 1465 4189 loco
1484 4136 1513 4188 de

240 4222 307 4277 belli
339 4226 477 4292 apparatu
509 4223 687 4292 hostiumque
721 4224 825 4278 dilectu
848 4256 882 4265 -
905 4223 1020 4278 ineunte
1049 4240 1109 4291 cap.
1139 4254 1173 4262 -
1201 4222 1243 4278 38.
1272 4221 1384 4276 disserit
1411 4227 1513 4292 praeter

241 4311 431 4382 quadraginta
449 4311 499 4365 illa
516 4310 595 4365 milia
613 4329 686 4380 qnae
700 4313 736 4366 ad
748 4312 929 4382 Aquiloniam
943 4314 1042 4366 contra
1054 4312 1083 4366 L.
1098 4311 1242 4381 Papirium
1256 4313 1430 4382 pugnabant,
1450 4313 1511 4367 alias

241 4401 335 4470 copias
353 4419 410 4456 non
429 4404 636 4466 commemorat,
647 4404 742 4456 tamen
752 4419 812 4470 cap.
822 4403 858 4455 42
869 4401 992 4455 Carvillii
1006 4419 1048 4456 res
1065 4402 1099 4454 ad
1111 4401 1267 4455 Cominium
1281 4401 1323 4455 ita
1332 4405 1509 4472 exponuntur,

241 4495 273 4546 ut
282 4491 368 4546 etiam
377 4491 430 4545 hac
440 4491 470 4543 in
479 4491 546 4545 urbe
555 4491 631 4545 hand
640 4492 772 4562 exignum
782 4490 951 4545 Samnitium
961 4491 1112 4547 exercitum
1122 4491 1206 4548 fuisse
1217 4491 1297 4549 uobis
1306 4493 1461 4565 putandum
1470 4489 1509 4547 sit.
