3134 5082
590 237 808 302 *39*

78 420 208 504 produnt,
232 419 285 481 sed
310 439 381 482 cum
405 420 518 481 iterum
544 421 722 501 iterumque
745 419 820 482 talia
843 421 875 480 in
893 419 974 482 Livii
999 417 1165 482 annalibus
1185 416 1338 501 legantur,

74 530 135 610 jure
164 529 348 592 contendere
380 547 549 611 possumus
583 528 676 590 etiam
709 527 768 590 hoc
796 532 890 610 caput
917 527 1057 592 flosculis
1085 528 1247 590 rhetoricis
1271 545 1339 590 esse

30 689 41 712 „
58 641 256 717 aromatum.
314 634 436 697 Deinde
470 654 543 697 cum
578 654 673 718 supra
709 671 750 679 —-
786 653 850 718 cap.
877 634 917 696 26
952 635 970 715 ᾗ
996 635 1037 696 14
1074 671 1114 680 -
1148 634 1179 696 id
1215 639 1338 698 tantum

78 741 204 824 legamus
236 745 387 823 quattuor
418 740 558 822 legiones
591 759 660 802 cum
695 760 810 823 magno
843 741 984 823 equitatu
1015 741 1049 802 in
1077 739 1237 804 Etruriam
1269 762 1339 825 pro-

78 847 157 910 lectas
189 866 268 924 esse,
302 866 366 929 cap.
385 847 425 908 27
451 848 526 928 §11
561 848 686 910 numeri
719 865 828 908 earum
856 846 1041 928 afferuntur,
1075 846 1160 910 unde
1188 849 1337 930 quoniam

28 981 46 1040 g
79 974 130 1037 cap.
152 954 262 1018 XVIII
292 956 355 1035 §4
391 955 525 1038 prImam
564 961 594 1016 et
632 960 774 1038 quartam
812 956 845 1016 in
880 953 1053 1034 Etruriam,
1093 956 1264 1018 secundam
1302 977 1339 1019 ac

30 1111 47 1150 a:
79 1063 183 1124 tertiam
210 1063 241 1124 in
271 1061 436 1125 Samnium
464 1062 560 1124 111330
586 1063 782 1142 invenimus,
815 1061 954 1124 efficitur
982 1064 1151 1145 quotannis
1175 1063 1242 1144 jam
1270 1069 1338 1126 tum

28 1203 39 1208 ==
79 1169 218 1252 legionum
254 1188 404 1231 numeros
438 1173 574 1230 mutatos
610 1187 684 1231 esse.
741 1167 802 1231 Sed
834 1168 913 1231 illud
947 1188 1073 1252 quoque
1106 1187 1145 1230 ex
1178 1168 1237 1230 boc
1269 1169 1337 1232 1000

31 1331 56 1352 ,Χ
82 1275 245 1337 concludere
269 1295 439 1359 possumus
463 1274 556 1355 fonte,
582 1294 675 1358 quem
700 1277 801 1358 capite
825 1276 866 1336 25
890 1274 964 1337 inde
988 1294 1006 1336 a
1029 1275 1223 1358 paragrapho
1248 1277 1338 1338 tertia

30 1360 36 1462 'y
85 1382 182 1446 decima
204 1385 361 1467 excerpsit
383 1385 415 1444 in
441 1383 646 1466 sequentibus
670 1403 742 1446 emn
766 1403 831 1444 non
853 1402 949 1445 usum
973 1401 1049 1463 esse,
1072 1389 1234 1466 propterea
1253 1384 1338 1466 quod

28 1469 37 1552 s
84 1491 132 1570 ejus
159 1496 264 1554 auctor
293 1492 371 1554 duas
401 1492 538 1573 legiones
566 1493 598 1552 in
624 1490 752 1552 Etruria
779 1490 903 1552 relictas
932 1509 1000 1552 esse
1024 1510 1117 1574 opera
1140 1491 1212 1554 data
1235 1491 1337 1554 adicit.
1365 1555 1368 1562 ,

83 1595 127 1660 Sed
164 1601 290 1662 maioris
334 1601 483 1661 momenti
529 1605 604 1661 sunt
647 1617 727 1681 quae
769 1597 843 1660 inde
882 1618 899 1660 a
937 1598 1131 1681 paragrapho
1170 1599 1338 1661 undecima

82 1713 241 1787 sequuntur.
304 1707 379 1769 Tota
418 1708 501 1769 enim
540 1725 665 1789 pugnae
703 1704 874 1768 Sentinatis
913 1706 1078 1789 descriptio
1116 1707 1160 1768 ita
1194 1725 1265 1768 cum
1302 1725 1338 1768 ea

28 1793 35 1802 ‘⁸
82 1832 157 1892 quam
182 1813 290 1876 111113
319 1814 473 1896 capitibus
499 1814 606 1875 8—10
630 1812 702 1874 libri
733 1814 832 1874 octavi
862 1811 990 1874 exbibet
1018 1814 1188 1895 conspirat,
1220 1818 1256 1875 ut
1284 1821 1338 1875 aut

83 1925 149 1981 totus
170 1919 256 1983 fallar
280 1929 336 1982 aut
364 1921 412 1982 1113
436 1920 560 1983 duobus
583 1920 660 1982 locis
684 1919 821 1982 eundem
836 1917 946 1982 livius
970 1925 1042 1981 ante
1066 1919 1173 1981 oculos
1195 1918 1338 1981 habuerit

86 2027 250 2107 scriptorem.
298 2027 373 2090 dam
397 2028 523 2111 singula
546 2046 627 2111 qnae
650 2026 729 2088 mihi
753 2025 967 2105 occurrebant,
991 2045 1160 2109 apponam:

153 2151 186 2214 Iu
211 2159 346 2236 utraque
369 2173 477 2236 pugna
498 2147 615 2215 Decius
639 2153 766 2215 sinistro
790 2171 889 2214 cornu
912 2157 1046 2234 praeest:

96 2272 166 2338 VIII.
189 2280 213 2340 9.
239 2281 272 2340 2:
299 2277 438 2340 Manlius
462 2278 584 2358 dextro,
608 2275 724 2339 Decius
748 2277 837 2338 laevo
861 2295 960 2338 00111
982 2282 1130 2359 praeerat.

28 2399 41 2450 “21
133 2397 232 2465 1121.
260 2405 316 2466 10:
360 2403 510 2465 adversus
548 2400 704 2464 Samnites
743 2399 777 2476 Q.
806 2399 922 2463 Fabius
964 2401 1098 2484 primam
1140 2419 1176 2462 ac
1212 2402 1336 2463 tertiam

186 2509 341 2592 legionem
381 2528 437 2593 pro
477 2510 587 2572 dextro
627 2527 738 2589 cornu,
782 2507 934 2571 adversus
972 2505 1078 2570 Gallos
1116 2528 1172 2590 pro
1210 2509 1336 2571 31113110
1390 2548 1395 2559 .

188 2613 311 2681 Decius,

154 2738 222 2803 Tum
246 2744 356 2824 aequis
381 2742 501 2804 viribus
524 2728 746 2826 [11111111111

29 2877 30 2880 ’
99 2857 167 2926 llll.
190 2869 214 2929 9.
241 2870 273 2931 3:
300 2869 401 2952 primo
425 2869 585 2951 utrimque
609 2868 718 2950 aequis
741 2867 864 2929 viribus
888 2867 997 2930 eodem
1021 2868 1132 2931 ardore
1157 2870 1335 2932 animorum

44 2969 45 2974 ’
186 2975 353 3057 gerebatur
375 2994 433 3037 res.

128 3093 163 3159 X.
186 3101 233 3162 27.
260 3102 316 3163 ll:
341 3103 442 3185 primo
466 3119 622 3163 concursu
646 3101 755 3183 aequis
778 3100 900 3164 viribus
923 3105 1083 3184 gestares
1108 3107 1161 3164 est.

150 3222 211 3288 Nec
247 3229 355 3290 minus
395 3247 475 3311 quae
514 3233 692 3310 sequuntur
729 3228 812 3289 inter
850 3246 883 3289 se
922 3234 1115 3310 congruunt:
1162 3227 1334 3311 Postquam

26 3399 27 3404 γ
80 3323 104 3387 Ρ.
124 3328 230 3398 Decius
262 3342 352 3420 pater
382 3337 462 3398 vidit
488 3335 647 3399 Romanos
679 3336 832 3418 impetum
865 3334 1051 3397 Latinorum
1083 3354 1148 3397 non
1180 3337 1335 3399 sustinere

77 3438 251 3526 gradumque
274 3444 397 3525 referre,
423 3443 462 3506 M.
475 3444 603 3508 Valerio
627 3442 774 3527 pontifice
797 3448 907 3505 vocato
932 3448 962 3505 et
985 3444 1164 3526 precatione
1189 3444 1334 3506 sollemni

77 3546 186 3611 recitata
222 3553 253 3614 in
295 3552 432 3614 mediam
469 3552 609 3614 bostium
648 3552 747 3612 aciem
785 3551 885 3612 irruit.
951 3549 1030 3612 Tum
1070 3551 1171 3632 pergit
1208 3549 1332 3612 Livius:

76 3662 254 3737 »conspectus
287 3657 325 3720 ab
358 3663 492 3740 utraque
530 3658 596 3720 acie
629 3657 790 3740 aliquanto
824 3657 988 3738 angustior
1019 3656 1160 3719 humano
1171 3655 1191 3736 1)
1224 3657 1332 3719 visus«.

76 3751 107 3817 Et
127 3761 187 3842 ipse
202 3763 317 3828 Decius
339 3765 425 3827 filius
448 3763 503 3826 ubi
526 3765 644 3826 frustra
667 3763 810 3826 cedentes
834 3764 1000 3838 revocarit,
1026 3762 1133 3824 eadem
1157 3764 1334 3845 precatione

76 3881 127 3941 qua
155 3875 239 3951 pater
270 3871 401 3934 devotus
433 3873 467 3933 11
499 3871 619 3933 medios
652 3872 756 3933 hostes
790 3871 925 3932 concitat
957 3888 1077 3952 equum
1110 3875 1140 3930 et
1173 3869 1332 3932 occiditur.

77 3967 150 4042 Quae
171 3985 347 4062 sequuntur
369 3979 478 4042 verba:
504 3981 574 4040 »vix
598 3959 756 4041 humanae
778 3977 854 4040 inde
877 3979 944 4060 opis
968 3977 1067 4040 videri
1088 3996 1195 4059 pugna
1217 3978 1332 4059 potuit«

77 4099 252 4167 quamquam
284 4109 348 4150 non
382 4089 420 4150 ad
448 4087 580 4150 verbum
613 4106 686 4149 cum
715 4107 810 4169 supra
838 4085 973 4147 laudatis
1001 4085 1195 4167 conspirant,
1227 4089 1333 4146 tamen

75 4220 265 4246 x*

154 4313 252 4382 ι11111
280 4317 406 4372 Hertzius
434 4317 463 4370 in
491 4316 613 4372 editione
642 4333 692 4370 sua
720 4314 804 4384 (Lips.
826 4315 904 4383 1857)
932 4313 1041 4368 codices
1069 4316 1180 4367 secutus
1208 4311 1332 4366 exhibet:

77 4402 205 4466 angusuor
230 4406 351 4460 humano
378 4407 460 4461 visus.
493 4405 733 4460 Weissenbomius
756 4404 784 4457 in
808 4407 917 4458 textum
939 4402 1054 4456 intrusit
1076 4406 1205 4465 „habz'tu“.
1241 4401 1333 4455 Velim

77 4483 152 4542 litum
169 4493 355 4549 doctissimum
376 4495 527 4564 respexisse
546 4513 654 4550 versum
675 4493 767 4548 Ovidii
785 4494 848 4546 fast.
868 4493 900 4544 ll.
921 4492 984 4545 503:
1007 4492 1144 4555 „humano
1164 4491 1277 4544 11111011.
