3216 5082
729 255 922 316 -6-

187 432 336 495 dictatore
370 434 512 515 magistri
546 435 689 516 equitum
724 432 972 516 committebant,
1012 434 1152 498 referunt
1162 433 1191 514 1).
1228 471 1269 480 —-
1305 430 1396 509 Quod
1429 435 1464 496 in

187 538 392 621 sequentibus
428 545 537 602 auctor
558 537 641 602 Livii
671 540 823 621 majorem
855 557 951 622 quam
983 559 1033 604 res
1062 539 1159 604 merit
1191 545 1343 612 terrorem
1374 539 1463 606 illam

186 647 307 710 cladem
329 649 471 731 magistri
495 666 564 733 equ.
589 648 744 712 excivisse
767 647 854 723 dicit,
883 649 988 711 nescio
1012 667 1052 710 an
1075 649 1219 711 consulto
1240 648 1276 710 id
1298 646 1405 710 iecerit
1427 653 1464 712 ut

173 769 268 835 ¹quac
289 755 324 816 m
347 759 464 817 terrore
487 772 528 816 ex
551 753 638 816 clade
662 758 729 816 orto
752 752 888 816 Romani
911 755 1044 837 egerint,
1068 773 1104 817 eo
1127 755 1283 837 prolixius
1307 771 1463 837 enponcre

186 861 292 942 possit.
353 859 504 936 Simditer
541 880 695 944 magnum
732 859 851 924 Romae
894 866 1036 924 coortum
1073 865 1224 924 terrorem
1263 859 1376 924 Livius
1413 860 1463 926 bis

184 966 263 1030 locis
286 966 392 1030 refert:
570 1019 572 1022 .

274 1072 330 1136 III.
357 1073 406 1136 26.
433 1075 474 1136 b:
498 1073 610 1158 itaque
633 1079 740 1138 tantus
767 1079 984 1158 parentante
1006 1073 1170 1158 trepidatio
1185 1073 1245 1138 tuit
1258 1077 1379 1157 quanta
1394 1093 1461 1157 sqq.

273 1179 327 1244 IV.
353 1181 403 1242 32.
431 1181 461 1242 1:
487 1179 604 1264 Ingens
626 1179 745 1244 Romae
767 1187 868 1244 terror
890 1186 957 1246 erat
977 1201 1048 1265 sqq.

273 1285 328 1350 IV.
353 1287 404 1350 46.
431 1287 463 1348 7:
488 1288 616 1350 maioris
641 1307 737 1372 quam
760 1293 885 1371 accepta
908 1293 974 1350 erat
996 1287 1094 1350 cladis
1116 1287 1222 1350 nuntii
1237 1284 1371 1348 Romam
1389 1305 1460 1368 sqq.

272 1394 327 1458 IV.
353 1395 402 1458 56.
429 1396 462 1458 8:
487 1397 627 1458 tumultu
649 1397 767 1459 maiore
791 1415 887 1478 quarn
910 1415 961 1458 res
984 1400 1058 1476 erat,
1082 1414 1149 1478 sqq.

290 1499 328 1562 V.
355 1501 403 1564 18.
431 1501 484 1564 11:
508 1501 559 1565 his
581 1503 824 1566 tumultuosiora
845 1501 964 1565 Romae
987 1522 1054 1585 sqq.

269 1607 327 1672 IX.
353 1610 403 1672 38.
430 1610 460 1677 9:
494 1609 533 1672 ob
565 1611 643 1674 haec
670 1612 764 1674 etiam
793 1616 885 1673 aucta
911 1609 1008 1692 fama,
1039 1616 1076 1673 nt
1103 1609 1195 1691 solet,
1222 1611 1334 1692 ingens
1362 1614 1460 1672 terror

352 1722 455 1800 patres
478 1717 634 1799 invasit2).

205 1821 329 1885 XXVI.
356 1824 382 1886 9.
408 1823 442 1886 6:
483 1823 617 1888 Romam
651 1823 857 1908 Fregellanus
889 1827 1077 1890 nuntius..
1100 1827 1161 1888 ‚in
1194 1831 1322 1909 gentem
1356 1823 1460 1886 attulit

353 1936 517 2013 terrorem,
545 1934 772 1996 tumultuosius
802 1954 898 2017 qnam
927 1934 1011 2017 quod
1031 1934 1174 1998 adlatum
1198 1939 1264 1996 erat
1284 1951 1458 1996 concursus

351 2039 516 2104 hominum
532 2091 538 2102 .
557 2090 562 2103 .
580 2090 586 2102 .
603 2039 715 2103 urbem
738 2041 911 2122 concitat3).

272 2145 324 2207 nd
356 2146 489 2209 verbum
521 2147 619 2230 igitur
649 2146 713 2210 iere
744 2146 778 2209 hi
812 2148 872 2210 loci
905 2167 978 2211 cum
1011 2153 1118 2212 nostro
1150 2149 1339 2230 conspirant.
1389 2145 1457 2208 lam

182 2253 287 2312 tecum
313 2258 439 2336 reputes
468 2272 584 2336 quaeso
608 2255 702 2316 etlam
727 2273 807 2338 quae
830 2261 1006 2338 sequnntur
1029 2255 1153 2338 saepius
1177 2255 1321 2318 similiter
1343 2255 1377 2316 in
1401 2253 1459 2316 bac

183 2357 297 2422 decade
320 2362 450 2443 exponi:

271 2485 295 2529 e.
319 2489 347 2551 g.
371 2475 465 2552 capnt
493 2471 640 2553 quintum
664 2470 738 2534 libri
761 2472 843 2533 tertii
867 2470 1001 2533 eundem
1024 2489 1131 2533 rernm
1155 2471 1297 2533 ordinem
1317 2469 1482 2568 exbibeta

184 2572 312 2655 vigiliae
333 2575 368 2636 in
391 2575 470 2638 urbe
493 2611 535 2622 -
558 2595 614 2660 por
638 2577 757 2659 aliquot
780 2576 846 2640 dies
868 2575 1069 2657 servatnm4).

272 2679 327 2742 IV.
346 2682 385 2744 32
414 2688 486 2765 post
507 2682 604 2746 verba
627 2703 723 2766 snpra
745 2683 872 2747 laudata
894 2683 970 2746 haec
992 2681 1101 2746 Livius
1125 2682 1224 2746 addit:
1249 2689 1279 2746 et
1301 2683 1335 2745 in
1357 2683 1457 2746 muris

132 2831 135 2838 -
182 2789 294 2851 armati
317 2788 459 2873 dispositi
481 2795 511 2853 et
530 2793 689 2873 justitium
711 2793 746 2853 in
768 2790 834 2854 foro
859 2790 1069 2873 tabernaeque
1090 2791 1224 2854 clausae.

270 2893 368 2958 Porro
391 2901 498 2960 nanat
512 2895 622 2960 Livius
646 2897 828 2960 dictatorem
851 2916 923 2960 cum
945 2897 984 2959 ad
1000 2898 1173 2960 exercitum
1189 2897 1318 2961 avidum
1332 2916 1457 2982 pugnae

182 3002 320 3065 venisset
341 3003 444 3066 »inde«
468 3011 569 3068 castra
591 3007 735 3068 movisse.
782 3003 880 3068 Miror
902 3003 1197 3068 Weissenborninm
1220 3028 1285 3071 non
1309 3009 1457 3071 adhunc

181 3108 286 3171 locum
325 3110 502 3193 adnotasse,
542 3133 637 3195 qnam
672 3113 873 3196 neglegenter
907 3115 1052 3197 scriptor,
1087 3133 1128 3176 ex
1163 3135 1225 3199 quo
1260 3122 1325 3179 tota
1363 3115 1457 3180 fluxit

181 3219 318 3280 narratio
342 3237 392 3282 res
416 3240 494 3301 quas
517 3226 631 3283 vocant
653 3222 877 3305 geographicas
898 3223 1083 3285 tractaverit.
1114 3222 1220 3287 »inde«
1236 3226 1320 3288 enim
1336 3226 1455 3306 vocula,

182 3343 263 3405 quae
294 3327 362 3388 sine
389 3327 455 3390 ullo
483 3328 579 3391 dubio
607 3348 704 3392 sensu
726 3329 830 3411 locali,
858 3349 922 3392 non
949 3331 1113 3413 temporali
1142 3333 1321 3416 accipienda
1348 3334 1455 3396 estad

182 3435 302 3494 certum
333 3433 439 3496 locum
470 3435 579 3499 referri
607 3455 672 3498 non
698 3441 813 3518 potest,
847 3437 998 3520 quoniam
1026 3443 1118 3500 antea
1145 3445 1251 3502 noster
1278 3440 1358 3502 nibil
1381 3441 1456 3503 dicit

178 3537 255 3600 nisi:
290 3543 358 3604 tum
385 3541 419 3602 in
442 3539 593 3606 Etruscos
617 3561 745 3605 versum
771 3541 900 3606 bellum.
947 3541 1009 3604 Sed
1032 3561 1073 3606 ne
1093 3544 1220 3628 longior
1243 3547 1316 3628 sim,
1343 3547 1395 3610 bic
1418 3547 1456 3612 de

272 3786 293 3855 ¹)
312 3787 497 3844 mauram
516 3793 545 3844 et
563 3789 608 3844 IX.
619 3791 653 3844 22
672 3789 801 3860 magistri
818 3789 945 3859 equitum
961 3807 1020 3844 non
1039 3792 1166 3846 consulto
1185 3792 1323 3848 dictatore
1336 3793 1456 3851 feliciter

181 3890 244 3927 cnm
266 3875 393 3932 hostibus
416 3882 554 3947 pugnant.
574 3877 731 3934 -Eadem
754 3879 788 3933 de
811 3896 895 3934 cansa
912 3879 1020 3934 factum
1040 3897 1098 3934 esse
1121 3879 1242 3936 arbitror
1259 3883 1335 3951 qnod
1351 3884 1455 3953 pluries

180 3959 204 4014 si
230 3963 365 4034 magister
392 3965 519 4035 equitum
541 3967 680 4037 proelium
703 3967 856 4022 committit
879 3985 965 4038 opera
987 3969 1055 4022 data
1078 3973 1177 4024 auctor
1199 3971 1278 4026 addit
1303 3973 1455 4042 ,permissu

179 4049 341 4106 dictatoris¹⁴
362 4054 530 4124 magistrum
549 4072 610 4126 aqu.
630 4055 659 4109 id
676 4056 788 4111 fecisse:
807 4056 852 4112 IV.
864 4057 905 4110 32.
927 4057 984 4112 VH.
996 4059 1019 4111 7.
1039 4057 1084 4110 IX.
1101 4059 1142 4112 23.

269 4141 291 4211 2)
310 4141 413 4198 Verba:
443 4144 496 4210 ,ob
522 4147 593 4200 baec
622 4149 706 4200 ancta
732 4146 823 4200 fama¹⁴
852 4146 1004 4202 remittunt
1026 4150 1054 4202 te
1078 4149 1113 4202 ad
1136 4166 1197 4218 cap.
1211 4149 1247 4202 48
1264 4149 1313 4204 lib.
1328 4147 1454 4206 XXXVII

179 4249 195 4287 e
214 4247 269 4301 quo
288 4233 433 4289 Antiatem
451 4249 594 4290 rumorum
613 4239 756 4292 auctorem
774 4236 858 4292 fuisse
877 4237 1062 4308 cognoscitur.

270 4320 293 4387 ⁸)
313 4321 429 4392 Saepius
447 4324 501 4378 hoc
520 4328 608 4395 caput
626 4324 679 4380 erit
697 4325 876 4381 laudandum.

269 4413 291 4482 ⁴)
311 4412 438 4468 Fortasse
471 4414 569 4468 alicius
601 4415 740 4492 momenti¹
768 4419 821 4482 est,
855 4417 931 4485 quod
958 4416 988 4470 in
1014 4418 1068 4471 fine
1095 4417 1178 4472 buius
1206 4419 1307 4490 capitis
1330 4421 1454 4476 Antiatis

179 4517 282 4552 nomn
300 4500 439 4557 laudatur.
