3134 5082
781 194 999 256 „38..

252 371 393 453 11116111,
427 381 457 435 11
492 372 611 436 cladem
640 373 679 436 ad
713 373 874 456 exemplar
902 374 969 454 ejus
998 393 1094 456 quam
1123 372 1162 434 ad
1187 369 1362 436 Cremeram
1398 371 1533 434 fluvium

253 487 439 564 acceperunt
461 480 605 562 Romani,
629 482 834 564 descripserit.

341 586 361 648 J
363 606 415 648 am
430 605 504 650 vero
529 587 567 650 ad
590 607 696 651 rerum
717 608 847 651 cursum
863 588 1107 671 disputationem
1122 588 1327 651 reflectamus
1366 587 1441 650 Alii
1459 587 1536 648 enin

252 695 417 776 scriptores
447 715 510 757 non
547 701 667 758 tantam
701 696 789 758 illam
821 695 940 758 cladem
976 695 1072 758 luisse
1105 714 1209 778 neque
1236 717 1255 758 a
1283 696 1382 758 Gallis
1412 694 1478 757 sed
1506 693 1536 754 ab

254 801 382 864 Umbris
415 809 573 886 acceptam
606 823 674 865 esse
707 801 889 866 referebant.
938 804 1136 886 Quamquam
1166 804 1240 867 huic
1267 805 1450 866 narrationi
1481 822 1535 863 nou

251 911 422 972 assentitur
439 907 548 972 Livius
574 947 614 954 -
640 929 714 972 nam
738 910 941 972 verisimilius
966 909 1099 972 aGallis
1124 930 1219 992 quam
1243 910 1281 972 ab
1298 909 1435 974 Umbris
1463 910 1536 970 ham¹

252 1017 373 1080 cladem
397 1025 555 1101 acceptam
579 1037 647 1080 esse
671 1017 746 1080 dicit
772 1055 810 1062 —
836 1024 941 1080 tamen
965 1016 1100 1080 eundem
1126 1037 1221 1100 quem
1244 1019 1379 1082 refutare
1404 1027 1535 1080 conatur

251 1127 418 1188 retinuisse
433 1125 559 1188 Livium
583 1126 662 1187 mihi
685 1127 825 1208 persuasi
849 1128 988 1208 primum
1013 1124 1096 1208 quod
1120 1127 1153 1187 in
1178 1129 1322 1210 sequenti
1335 1126 1409 1188 libri
1424 1127 1534 1187 16111111
1564 1208 1565 1211 ¹

250 1237 338 1314 parte
366 1230 470 1314 Scipio
503 1251 598 1314 quem
626 1231 825 1295 interfectum
844 1251 912 1295 esse
944 1235 969 1294 si
1005 1233 1140 1316 priorem
1175 1233 1358 1296 relationem
1392 1233 1534 1315 sequaris

252 1345 426 1422 exspectes,
450 1339 566 1400 multas
590 1344 620 1401 ct
643 1340 783 1421 egregias
806 1359 856 1401 res
879 1342 967 1422 gerit,
991 1347 1058 1403 tum
1083 1340 1168 1425 quod
1187 1340 1300 1403 Umbri
1323 1339 1533 1420 redintegrato

252 1467 270 1508 1
298 1446 443 1530 Scipione
470 1447 588 1528 proelio
617 1448 691 1508 victi
724 1446 912 1510 abscessisse
944 1449 1099 1512 dicuntur.
1147 1447 1259 1511 Umbri
1292 1449 1378 1509 enim
1411 1449 1473 1530 qui
1507 1448 1531 1505 iu

252 1556 363 1617 castris
385 1555 525 1617 hostium
547 1555 645 1616 fuisse
668 1556 872 1636 narrantur,¹)
899 1576 1024 1639 pugnae
1046 1558 1107 1640 ipsi
1130 1575 1192 1618 non
1217 1557 1374 1618 intersunt
1396 1574 1461 1617 nec
1486 1573 1533 1616 cur

251 1661 355 1724 absint
378 1662 587 1742 comperimus
596 1660 633 1741 2),
659 1681 722 1744 qua
746 1663 784 1724 de
807 1682 902 1725 causa
925 1671 1084 1725 auctorem
1108 1664 1163 1745 qui
1180 1681 1229 1724 res
1246 1664 1384 1745 capitum
1400 1681 1533 1744 sequen-

250 1771 331 1832 tium
365 1775 484 1848 narrat,
516 1768 691 1851 prodidisse
726 1769 918 1832 Umbrorum
945 1771 1168 1853 profectionem
1201 1770 1288 1832 clade
1321 1771 1359 1832 11
1389 1770 1530 1834 Clusium

251 1881 377 1960 accepta
404 1877 543 1940 effectam
572 1896 639 1940 esse
663 1877 825 1940 contendo.
871 1877 939 1940 Nec
966 1879 1062 1940 velim
1090 1899 1126 1941 eo
1154 1878 1321 1941 offendaris
1351 1878 1437 1961 quod
1468 1887 1530 1960 post
1564 1956 1565 1963 ,

251 2005 320 2049 eam
342 1985 462 2048 cladem
483 1992 641 2048 narratam
658 1984 773 2048 Umbri
789 1987 889 2068 capite
904 1983 1035 2048 XXVII
1052 1988 1070 2067 ‚S
1084 1988 1102 2048 2
1120 1987 1222 2049 denuo
1239 1993 1528 2048 commemorantia.

251 2113 323 2155 nam
351 2093 441 2156 facile
470 2100 516 2156 est
544 2095 672 2176 cognitu
700 2092 825 2155 11111111
854 2112 959 2155 rerum
987 2113 1105 2156 nexum
1132 2096 1303 2157 interiectis
1332 2093 1527 2177 paragraphis
1564 2140 1565 2161 ,

252 2201 381 2263 13-11
406 2220 470 2283 cap.
497 2200 537 2261 26
563 2205 593 2261 11
619 2201 702 2261 1-2
720 2215 784 2282 cap.
803 2201 842 2260 21
862 2199 1045 2264 obscurasse
1065 2202 1180 2284 quippe
1199 2200 1315 2283 quibus
1331 2198 1525 2283 paragraphis

249 2326 300 2369 res
325 2325 405 2389 quae
429 2311 501 2368 ante
524 2305 645 2368 cladem
660 2304 836 2368 Romanam
860 2307 958 2368 factae
974 2313 1070 2384 erant,
1089 2306 1312 2369 describantur.
1353 2305 1433 2368 Cum
1451 2307 1522 2368 11111
1564 2326 1565 2349 1

250 2412 405 2498 capitibus
431 2415 473 2475 24
497 2419 527 2476 11
551 2415 592 2475 25
617 2415 784 2476 consulum
808 2419 966 2477 certamen
989 2420 1020 2478 et
1041 2414 1130 2476 Fabii
1153 2415 1302 2498 protectio
1322 2416 1409 2496 justo
1433 2414 1521 2477 111111

250 2527 357 2583 111111
385 2521 578 2602 exposuerit,
606 2520 655 2582 his
684 2519 810 2582 demum
838 2521 1040 2604 paragraphis
1073 2521 1259 2600 afferuntur,
1289 2539 1370 2602 quac
1398 2523 1433 2582 iu
1468 2519 1517 2582 aliis
1564 2518 1565 2523 ’

250 2627 333 2690 Livii
357 2628 520 2690 annalium
547 2627 689 2711 partibus
712 2629 842 2690 ineunte
866 2648 948 2690 anno
972 2629 1133 2709 leguntur,
1162 2629 1246 2690 unde
1259 2627 1387 2690 tactum
1411 2637 1474 2708 611,
1495 2633 1513 2686 ut

251 2735 389 2818 legentes
412 2754 476 2796 non
501 2735 576 2796 satis
600 2734 696 2814 clare,
726 2753 880 2816 quaenam
904 2733 998 2796 fuerit
1020 2733 1163 2797 Etruscis
1187 2753 1282 2796 causa
1305 2733 1444 2796 1111111
1469 2749 1507 2816 pu·

251 2843 369 2925 spicere
397 2843 525 2925 possint.
581 2840 692 2923 Itaque
724 2841 759 2902 ui
791 2847 874 2904 totus
902 2841 1004 2922 fallor,
1038 2847 1146 2904 auctor
1178 2860 1273 2924 quem
1300 2840 1374 2902 inde
1402 2862 1419 2902 a
1450 2835 1513 2922 §ll

251 2969 316 3031 cap,
342 2947 383 3009 26
409 2946 551 3009 adhibuit
574 2943 999 3010 111111111111111111111
1022 2947 1143 3010 cladem
1163 2948 1227 3010 fere
1247 2947 1516 3010 1111111611111111

250 3056 318 3117 loco
343 3073 407 3137 quo
429 3052 579 3116 Etruscos
604 3053 643 3115 ad
666 3074 739 3116 suos
762 3053 841 3116 fines
865 3055 998 3118 tuendos
1028 3054 1141 3118 abiisse
1169 3055 1250 3118 dicit.
1299 3051 1401 3128 Quam
1429 3069 1518 3116 mean

251 3163 438 3227 sententiam
459 3162 487 3224 si
506 3161 629 3244 probas,
646 3163 761 3245 optime
778 3165 923 3246 congruit
940 3163 1010 3226 fons
1025 3161 1108 3225 Livii
1125 3200 1166 3208 ——
1184 3163 1302 3226 scilicet
1319 3163 1404 3245 quod
1424 3164 1519 3225 attinet

251 3271 289 3333 ad
317 3276 440 3352 tempus
467 3270 558 3338 illius
581 3268 693 3352 proelii
717 3307 758 3314 -—
783 3289 856 3332 cum
879 3269 1012 3350 Polybio
1042 3273 1096 3354 qui
1122 3270 1157 3332 id
1183 3272 1292 3354 paucis
1321 3268 1432 3333 diebus
1460 3275 1519 3331 ante

249 3397 390 3462 pugnam
407 3376 600 3440 Sentinatem
621 3378 824 3440 commissum
841 3397 908 3440 esse
930 3378 1017 3456 dicit3
1043 3384 1234 3461 quantopere
1251 3377 1356 3440 autem
1372 3379 1406 3440 in
1422 3375 1518 3440 ceteris

251 3486 415 3548 aventato
431 3484 608 3547 discesserit
623 3483 705 3546 Livii
726 3491 842 3564 auctor,
865 3486 898 3546 in
915 3504 984 3547 eam
1000 3505 1065 3548 rem
1082 3491 1150 3548 tum
1167 3486 1347 3568 diligentius
1363 3486 1517 3568 inquirant

249 3612 323 3656 cum
348 3593 386 3655 de
409 3591 542 3673 Polybio
567 3592 745 3654 edisseram.

338 3701 411 3764 Jam
439 3705 476 3762 ut
503 3700 542 3761 11
570 3719 712 3782 pugnam
737 3697 929 3761 Sentinatem
958 3699 1072 3780 ipsam,
1106 3700 1197 3762 cuius
1226 3700 1394 3783 descriptio
1422 3695 1517 3778 incipit

249 3809 323 3872 inde
351 3830 369 3872 a
397 3810 497 3892 capite
522 3807 562 3868 27
588 3809 606 3886 ξ
633 3808 682 3886 ll,
716 3808 898 3890 perveniam
926 3805 1062 3868 breviter
1091 3825 1171 3889 quae
1200 3807 1237 3868 de
1270 3807 1393 3891 reliqua
1420 3803 1516 3890 capitis

249 3917 373 3999 septimi
402 3915 543 3977 vicesimi
569 3920 657 3996 parte
685 3913 876 3996 disputanda
903 3919 991 3992 suut,
1020 3911 1195 3974 absolvam:
1232 3915 1364 3976 consilia
1392 3917 1514 3978 hostium

250 4045 269 4086 a
292 4023 462 4105 transfugis
491 4023 667 4100 enuntiata,
696 4021 779 4083 levia
807 4026 879 4083 ante
901 4040 1041 4104 pugnam
1064 4021 1166 4102 ipsam
1188 4022 1320 4104 proelia,
1350 4043 1441 4086 omen
1465 4037 1513 4104 quo

251 4131 299 4193 dei
328 4149 361 4193 16
389 4131 498 4192 111111
526 4127 676 4190 Romanis
704 4128 858 4207 indicant,
887 4127 942 4189 illa
971 4128 1099 4211 quidem
1128 4135 1248 4191 certum
1277 4135 1435 4192 auctorem
1461 4142 1512 4188 uou

341 4377 366 4445 1)
386 4375 463 4430 (lons.
483 4392 544 4444 cap.
566 4375 606 4440 18,
627 4377 651 4429 2.
672 4375 714 4440 21,
735 4376 758 4428 2.
780 4374 822 4438 21,
844 4374 883 4426 11.
903 4374 946 4438 27,
966 4375 990 4426 2.
1010 4375 1052 4438 27,
1074 4373 1114 4426 11.

339 4467 365 4510 21
385 4465 462 4518 Cous.
473 4464 545 4517 lhnii
563 4464 855 4520 11111.11111111.1.396
875 4481 898 4515 a.
919 4463 967 4515 35:
985 4462 1102 4515 Warum
1118 4463 1280 4531 abennegen
1291 4463 1334 4516 die
1345 4457 1508 4517 Umbrerab‘?
