3134 5082
762 203 980 270 ..54-..

232 384 338 450 010010
375 384 493 470 optimc
530 405 599 449 sese
631 387 801 469 excipiunt.
857 385 968 470 Neque
1000 407 1074 450 vero
1107 387 1270 468 Cleonymi
1303 385 1521 472 expeditionis

229 493 314 556 fama
345 500 494 557 constans
527 499 600 557 erat
656 491 739 556 Nam
770 513 844 557 cum
872 500 981 558 auctor
1009 513 1103 578 quem
1130 495 1209 558 inde'
1233 515 1251 557 a
1279 497 1384 578 capite
1421 496 1523 578 prime

229 599 341 665 Livius
369 599 409 664 ob
438 601 545 664 000103
573 599 684 664 habuit
712 621 730 663 a
753 599 794 664 M.
811 601 947 664 Aemilio
975 601 1109 664 consule
1135 601 1278 685 fugatum
1307 621 1378 665 esse
1408 601 1526 664 ducen

229 707 392 772 Lacenum
420 715 590 790 narrasset,
622 709 656 770 in
686 708 867 786 annalibus,
901 729 1037 791 querum
1064 714 1171 772 nester
1197 709 1398 793 paragrapho
1436 710 1527 770 tertia

231 817 427 879 mentionem
466 815 553 890 iacit,
591 835 721 900 prorsus
760 817 850 880 aliter
883 837 989 880 rerum
1024 817 1166 880 ordinem
1201 818 1383 900 expositum
1426 816 1527 879 finisse

230 921 351 985 clarum
375 927 430 986 est
469 919 560 998 Quod
584 924 669 986 enim
692 923 725 985 hi
750 924 880 987 annales
904 922 936 986 O.
952 923 1089 986 Iunium
1111 921 1292 986 Bubulcum
1316 921 1526 986 dictatorem

228 1030 264 1091 in
292 1027 482 1092 Sallentinos
514 1031 650 1093 missum
683 1047 752 1092 esse
783 1030 974 1108 referebant,
1006 1029 1080 1092 inde
1112 1035 1240 1113 apparet
1271 1035 1425 1092 auctores
1466 1049 1527 1090 non

229 1136 333 1200 solum
360 1136 508 1201 debello
536 1143 646 1201 contra
675 1136 884 1219 Cleonymum
911 1143 999 1221 gesto
1028 1138 1232 1221 discrepasse,
1271 1137 1326 1200 sed
1355 1140 1467 1200 etiam
1494 1137 1527 1198 de

229 1242 312 1307 belle
334 1243 492 1327 Aequine,
522 1244 606 1326 qued
633 1243 756 1325 selum,
784 1246 812 1308 si
839 1246 959 1329 priores
983 1245 1113 1308 annales
1142 1245 1245 1324 audis,
1273 1245 1412 1308 dictator
1440 1246 1524 1306 intra

230 1357 300 1414 ecto
325 1350 392 1413 dies
416 1350 455 1412 ad
474 1349 574 1413 finem
589 1350 745 1434 perduxit.
784 1350 867 1414 Nam
882 1358 953 1436 pest
968 1351 1078 1434 templi
1094 1351 1319 1414 dedicationem
1336 1350 1521 1413 secundun

229 1459 366 1542 priorem
405 1457 589 1526 relationem
630 1455 661 1519 C.
690 1457 809 1521 Iunius
848 1457 1014 1522 Bubulcus
1052 1459 1239 1541 magistratu
1276 1475 1310 1518 30
1350 1455 1521 1519 abdicasse

229 1564 390 1648 putandus
414 1570 468 1627 est.
503 1564 645 1627 Annales
667 1566 765 1648 igitur
789 1585 868 1649 quos
893 1564 1074 1646 §3Livius
1097 1564 1219 1646 laudat,
1243 1569 1296 1626 aut
1314 1583 1371 1646 per
1388 1565 1518 1646 longius

229 1672 380 1755 temperis
404 1672 541 1754 spatium
564 1671 737 1735 dictaturae
760 1673 946 1755 magistratu
970 1671 1001 1734 O.
1018 1672 1151 1742 Junium
1168 1671 1349 1735 Bubulcum
1366 1669 1512 1732 functnn

232 1799 300 1844 0330
324 1784 380 1843 001
403 1778 441 1841 ab
459 1779 595 1841 Aemilio
619 1779 749 1843 consule
772 1778 890 1843 bellurn
907 1780 1086 1861 Aequicum
1106 1784 1231 1862 gestum
1246 1796 1313 1841 esse
1329 1777 1508 1840 narrabant

229 1887 310 1950 Tum
343 1891 448 1949 autem
481 1884 646 1966 Cleonymi
679 1886 926 1970 expeditionem,
960 1907 1054 1970 quam
1087 1887 1161 1950 inde
1194 1907 1212 1949 a
1242 1887 1368 1948 Thuriis
1404 1886 1514 1954 urbel

230 2000 354 2078 praeter
376 1995 469 2057 litora
489 1993 600 2056 Italiae
622 2013 725 2076 usque
749 1994 787 2056 ad
804 1993 999 2057 Venetorum
1021 1994 1100 2057 fines
1124 1994 1209 2075 fecit,
1233 1992 1341 2056 livius
1366 2004 1513 2056 accurate

233 2103 371 2185 exponit.
426 2099 557 2164 Diodori
593 2100 725 2183 capital)
758 2101 821 2164 huc
852 2103 1042 2185 pertinentia
1073 2121 1160 2164 nunc
1192 2121 1256 2164 nen
1288 2101 1426 2182 curabo,
1465 2100 1513 2163 sed
1564 2158 1565 2175 ,

228 2209 334 2291 potius
362 2208 490 2289 videbe,
518 2227 597 2270 num
626 2209 702 2291 quid
731 2211 807 2272 certi
830 2211 930 2292 Ipsius
954 2208 1036 2272 Livii
1065 2216 1157 2293 caput
1180 2211 1350 2292 respiciens
1374 2215 1514 2272 statuere

228 2316 355 2398 possim.
394 2314 570 2378 Primarius
593 2315 690 2397 igitur
713 2323 822 2379 auctor
845 2319 880 2378 ni
896 2322 979 2379 tetus
995 2317 1094 2397 fallor,
1117 2316 1235 2379 verbis:
1259 2315 1514 2399 »Sallentinoque

229 2441 304 2504 agre
327 2441 390 2505 pax
414 2427 516 2504 parta«
540 2422 713 2484 narrationi
737 2443 832 2505 quam
858 2423 896 2485 de
918 2422 1082 2503 Cleonymi
1106 2423 1304 2506 expeditione
1326 2423 1362 2484 in
1385 2422 1509 2486 Italiam

228 2527 310 2591 lacta
338 2528 478 2607 dederat,
506 2527 602 2590 finem
631 2529 793 2612 imposuit,
821 2530 853 2591 id
883 2530 968 2613 quod
991 2530 1100 2593 multis
1123 2529 1205 2592 Livii
1228 2531 1304 2592 10013
1327 2529 1506 2613 0101101103)

230 2635 347 2718 quibus
391 2635 535 2698 similiter
578 2635 744 2698 cuiusdam
784 2635 859 2699 belli
902 2636 1068 2720 descriptio
1108 2637 1147 2699 ad
1185 2636 1280 2699 finem
1318 2636 1501 2719 perducitur.

231 2742 305 2805 Jam
330 2741 493 2825 quaeritur
516 2745 623 2804 utrum
646 2740 756 2805 Livius
779 2743 853 2806 inde
877 2763 896 2804 a
918 2742 1023 2806 verbis
1046 2745 1289 2806 »circumvectus
1311 2743 1387 2806 inde
1408 2744 1495 2806 Brun·

230 2851 302 2914 disii
324 2849 597 2933 promunturium«
619 2851 652 2910 in
678 2849 893 2913 exscribendis
917 2852 961 2914 eis
986 2851 1162 2932 annalibus,
1185 2852 1219 2913 in
1243 2850 1358 2933 quibus
1375 2850 1396 2913 J
1399 2853 1496 2913 unium

230 2958 414 3023 Bubulcum
437 2955 632 3020 dz'cteterem
660 2959 694 3020 in
718 2957 909 3021 Sallentinos
932 2960 1066 3021 missum
1094 2960 1228 3040 invenlt,
1256 2959 1502 3042 perseveraverit

230 3087 271 3130 an
294 3071 397 3129 cetera
419 3064 452 3126 id
477 3065 561 3148 quod
584 3065 678 3128 multi
701 3072 838 3146 censent,
863 3084 903 3127 ex
926 3085 984 3128 sua
999 3066 1178 3148 cognitione
1195 3066 1310 3148 quippe
1327 3067 1382 3147 qui
1399 3064 1504 3127 Patavi

229 3180 323 3238 natus
356 3173 477 3256 aliquid
509 3174 628 3256 patriae
662 3174 762 3236 amori
795 3172 962 3258 dederit4),
996 3172 1151 3236 adiecerit.
1197 3172 1270 3235 Jam
1304 3191 1377 3236 vero
1409 3174 1506 3256 ipsius

229 3281 311 3345 Livii
335 3281 450 3344 diserto
474 3281 653 3344 testimonie
676 3286 871 3364 compertum
895 3280 1057 3360 habemus,
1080 3299 1153 3344 eum
1177 3282 1323 3344 statinsse
1346 3300 1410 3342 nen
1427 3282 1508 3343 ultra

200 3427 203 3434 »
229 3389 386 3471 attingere
424 3392 555 3450 externa
591 3388 654 3450 0131
687 3407 751 3470 qua
781 3386 933 3450 Romanis
967 3387 1168 3449 cohaererent
1199 3385 1339 3466 rebus⁵);
1376 3389 1403 3450 si
1435 3407 1509 3451 vere

231 3492 349 3558 alicubi
387 3494 483 3556 nimis
523 3493 617 3557 celeri
650 3512 702 3556 res
741 3493 949 3577 componendi
987 3495 1109 3557 ratione
1145 3495 1251 3577 petius
1290 3514 1386 3577 quam
1424 3505 1507 3558 certe

230 3602 362 3666 consilio
389 3603 423 3664 in
453 3607 656 3664 externarum
684 3620 791 3664 rerum
819 3601 1033 3664 narrationem
1061 3601 1209 3664 inductus
1238 3606 1297 3684 est,
1329 3575 1507 3665 inchoatam

323 3831 342 3901 1)
362 3830 443 3896 Quod
471 3829 712 3885 Weissenbornius
741 3831 784 3884 ad.
803 3830 830 3884 h.
849 3830 867 3883 1.
896 3832 925 3884 01
952 3829 1115 3899 110εο011103
1146 3829 1177 3883 10
1207 3829 1346 3900 philologi
1368 3831 1506 3886 volumine

229 3919 318 3974 XXIII
335 3939 363 3991 p.
379 3921 414 3974 74
441 3920 476 3974 dc
505 3917 572 3971 Uria
604 3936 689 3987 quam
720 3918 818 3972 urbem
850 3924 880 3973 et
911 3919 1069 3974 Herodotus
1087 3919 1145 3973 VII.
1167 3921 1217 3974 170
1249 3923 1279 3974 et
1306 3919 1406 3974 Strabo
1425 3919 1504 3987 VI?

230 4011 464 4074 commemorant,
493 4006 701 4076 cogitaverunt,
730 4024 794 4062 eam
821 4008 991 4062 sententiam
1019 4010 1094 4078 qued
1121 4009 1189 4064 Uria
1215 4027 1273 4063 nen
1300 4010 1335 4062 ad
1362 4009 1429 4062 litus
1451 4010 1504 4063 sita

230 4100 281 4164 est,
299 4097 429 4168 reprobe.
466 4095 566 4150 Potius
585 4095 723 4150 assentior
741 4095 857 4165 Dujatie
876 4097 977 4165 quide
996 4097 1092 4152 Rudiis
1112 4097 1256 4168 cogitavit.

319 4187 341 4257 2)
361 4186 473 4241 Diodor.
494 4184 550 4239 XX.
573 4185 631 4239 104.
654 4185 712 4238 105.

320 4275 395 4346 8)11.
415 4276 457 4330 25.
477 4277 502 4330 6.
540 4274 584 4329 IV.
605 4276 647 4328 51.
668 4273 692 4328 8.
720 4274 753 4328 V.
773 4275 815 4329 25.
837 4275 878 4329 15.
905 4276 950 4330 VI.
971 4279 995 4331 9.
1017 4278 1049 4331 12
1069 4295 1128 4346 sqq.

320 4365 342 4434 4)
362 4364 441 4420 Oonf.
460 4364 489 4418 F.
509 4362 682 4418 Lachmanni
701 4363 979 4420 commentationem:
999 4367 1033 4420 de
1052 4365 1178 4420 fontibus
1197 4367 1226 4420 T.
1243 4345 1316 4420 bivii
1333 4367 1353 4419 1,
1374 4384 1399 4435 p.
1415 4367 1452 4418 76.

320 4453 341 4528 ὓ)
362 4453 418 4508 liv.
437 4453 557 4506 XXXIX.
577 4453 620 4507 48.
