3134 5082
588 231 807 292 ,51-

132 409 248 492 Atque
276 411 307 473 si
329 410 388 472 hac
415 427 486 472 mea
513 409 725 492 disputatione
751 413 835 472 recte
857 409 980 472 Antiati
1012 409 1093 471 hanc
1123 407 1196 471 libri
1225 407 1338 470 decimi

49 521 163 600 partem
190 553 236 562 -
264 516 338 579 dico
361 517 463 599 capita
487 515 616 579 38-46
641 553 683 562 -
707 515 813 597 tribui,
836 517 941 580 nescio
964 536 1005 578 an
1030 534 1110 599 quae
1133 514 1281 598 Ungerus
1303 515 1338 575 in

48 623 320 686 commentatione
354 624 479 708 saepius
513 622 671 702 laudatal)
707 623 745 686 de
782 629 909 687 auctore
947 624 1086 707 capitum
1121 623 1229 685 8-19
1263 620 1338 685 libri

48 727 198 792 XXXIX
224 730 410 813 edisseruit,
438 749 521 792 novo
549 731 721 794 fulciantur
748 737 940 814 argumento.
986 729 1092 794 Refert
1119 731 1205 793 enim
1227 727 1338 791 Livius
1392 811 1393 814 Ἴ

48 857 99 899 oco
132 837 273 901 laudato
305 837 344 901 de
371 837 623 901 Bacchanalibus
647 843 677 901 et
706 837 843 901 dilucide
872 838 948 921 quid
975 838 1010 900 in
1038 836 1242 900 clandestinis
1274 835 1338 898 illis

48 946 214 1008 conventis
239 946 361 1009 initiati
384 947 516 1028 egerint,
539 950 659 1027 narrat,
687 945 741 1008 sed
764 946 808 1008 ita
831 950 867 1008 ut
888 946 989 1027 magis
1012 944 1111 1007 indoh
1134 961 1210 1007 suae
1237 942 1339 1006 rheto-

48 1053 126 1114 ricae
154 1053 296 1133 serviat,
325 1073 422 1136 quam
449 1055 573 1116 veritati
600 1051 807 1134 historicae.2)
852 1052 926 1116 Jam
959 1053 1142 1136 quicunque
1173 1054 1267 1134 caput
1296 1051 1337 1114 38

51 1163 125 1221 nost.
150 1157 231 1222 libri
257 1178 334 1222 oum
357 1159 478 1223 decimo
500 1161 552 1223 vel
574 1162 666 1224 tertio
690 1161 811 1224 decimo
834 1160 907 1223 libri
930 1157 1082 1222 XXXIX
1105 1157 1339 1242 comparaverit

52 1265 151 1329 facere
179 1285 252 1330 non
283 1269 405 1350 poterit,
434 1269 511 1350 quin
538 1269 573 1330 in
606 1273 740 1353 utraque
772 1269 980 1352 descriptione
1012 1266 1116 1331 studio
1145 1263 1281 1349 quodam
1305 1282 1342 1326 ac

51 1372 212 1456 voluptate
237 1373 327 1436 diras
351 1393 387 1437 ao
408 1374 560 1438 nefandas
583 1395 633 1438 res
661 1376 800 1459 proditas
828 1394 896 1438 esse
924 1375 1018 1454 dicat3
1046 1373 1206 1437 interdum
1234 1376 1340 1435 autem

55 1479 254 1544 adverbum
279 1481 342 1544 loci
365 1482 493 1564 quidam
517 1484 710 1566 conspirant:

135 1585 177 1650 X.
205 1589 260 1650 38.
289 1587 343 1651 10:
1067 1651 1069 1660 ,

54 1690 186 1777 singuli
223 1691 526 1760 introducebantur
558 1743 566 1759 .
601 1749 607 1761 .
642 1743 650 1758 .
684 1746 690 1759 .
719 1696 946 1760 admovebatur
977 1695 1130 1760 altaribus
1164 1696 1266 1778 magis
1298 1695 1340 1756 ut

57 1797 186 1864 nr'ctz'ma
211 1822 315 1886 quam
337 1807 374 1866 ut
396 1804 477 1866 sacri
499 1804 661 1889 particeps.

137 1907 306 1972 XXXIX.
333 1910 382 1973 10.
407 1911 441 1972 6;

60 2013 259 2101 utquisque
284 2013 498 2081 antroductus
519 2021 575 2094 est,
600 2018 693 2082 uelut
713 2017 883 2083 oz'ctz'mam
907 2020 988 2084 trarh'
1012 2017 1270 2097 sacerdotibus.³)

140 2123 214 2186 lam
239 2123 364 2208 gaudeo
388 2127 508 2189 meeis
532 2145 614 2210 quae
637 2127 739 2191 adhuc
762 2128 916 2192 edisserui
940 2128 1060 2211 aliquid
1089 2126 1128 2189 ad
1156 2125 1339 2189 solvendam

64 2228 278 2296 difficillimam
307 2233 523 2314 quaestionem
552 2233 661 2298 afferre
688 2254 787 2318 posse.
834 2235 942 2320 Pergit
964 2237 1049 2298 enim
1077 2238 1184 2297 noster
1206 2251 1271 2316 cap.
1296 2232 1337 2294 47

70 2333 100 2396 de
118 2336 256 2402 tribunis
280 2339 381 2422 plebis
405 2341 516 2404 creatis
539 2360 680 2424 narrare,
708 2349 777 2406 tum
800 2342 839 2406 de
866 2342 1049 2406 censoribus
1076 2342 1239 2423 lustroque
1267 2358 1340 2402 con·

74 2438 136 2521 litu
157 2447 213 2508 sed
239 2465 304 2508 non
335 2446 439 2510 solum
467 2452 544 2532 quot
575 2451 677 2534 capita
705 2469 798 2514 censa
826 2452 890 2515 sint
913 2451 1019 2532 adicit,
1052 2449 1107 2513 sed
1134 2449 1228 2512 etiam
1252 2448 1340 2531 quoti

75 2564 200 2616 censores
225 2573 265 2616 eo
290 2573 374 2616 anno
397 2574 416 2617 a
438 2556 549 2639 primis
572 2557 755 2622 censoribus
777 2558 907 2638 fuerint,
931 2563 962 2621 et
985 2563 1114 2641 quotum
1140 2558 1277 2620 lustrum
1300 2556 1341 2618 sit

73 2657 225 2724 conditum.
276 2659 338 2737 Qut
360 2662 449 2726 locus
472 2682 545 2726 cum
573 2666 614 2727 sit
635 2667 868 2747 versatissimus,
890 2665 988 2729 verba
1010 2666 1111 2749 ipsius
1133 2663 1217 2727 Livii
1244 2662 1340 2746 adpo-

71 2779 146 2827 nam:
170 2786 338 2849 „eensores
353 2770 495 2833 vicesimi
518 2773 600 2834 sexti
625 2773 776 2855 oprimis
799 2773 992 2853 censoribus,
1015 2773 1152 2834 lustrum
1171 2771 1258 2834 unde
1273 2768 1341 2832 XX

73 2903 107 2913 —
128 2873 171 2935 sio
193 2875 303 2938 locum
328 2874 478 2939 exhibent
500 2876 600 2940 codex
623 2876 785 2943 Medieeus
808 2885 839 2943 et
860 2879 1025 2943 Parisinus
1050 2920 1090 2929 -
1114 2879 1199 2941 fuit‘.
1240 2879 1341 2960 Atqui

68 2974 95 3036 in
117 2977 202 3045 fastis
226 2981 450 3046 consularibus
474 2984 514 3046 ad
536 2985 622 3049 hunc
637 3007 759 3050 annum
774 2989 912 3052 lustrum
927 2987 1046 3051 factum
1062 3005 1129 3050 esse
1144 2986 1341 3048 tricesimum

69 3081 253 3171 adscriptum
278 3094 338 3169 est;
363 3111 381 3152 a
405 3111 467 3175 quo
490 3112 623 3156 numero
647 3095 755 3159 decem
777 3096 886 3188 lustris
910 3100 981 3158 ante
1005 3112 1156 3158 censurae
1178 3093 1341 3176 magistra

69 3191 128 3253 tum
149 3195 334 3260 institutum
357 3197 512 3283 detractis
534 3208 654 3266 restant
675 3205 790 3287 viginti
812 3204 920 3284 lustra,
944 3221 1039 3287 quem
1062 3219 1230 3265 numerum
1246 3198 1285 3261 de
1305 3218 1341 3262 aa

70 3300 263 3376 potissimum
286 3322 381 3367 causa
404 3307 488 3390 apud
507 3307 634 3373 Livium
658 3315 828 3395 exspectes,
852 3310 937 3394 quod
961 3315 1027 3372 erat
1041 3329 1110 3372 mos
1125 3307 1341 3371 Romanorum

71 3401 219 3472 decimum
244 3429 404 3493 quemque
431 3433 551 3478 annum
579 3419 612 3480 in
641 3418 757 3482 tabuhs
790 3419 1019 3502 chronologicis
1046 3421 1168 3495 notare,
1195 3416 1229 3479 id
1257 3415 1342 3499 quod

71 3515 97 3572 et
117 3514 186 3580 fasti
210 3519 392 3583 consulares
416 3523 586 3587 ostendunt
609 3531 640 3589 et
662 3526 750 3590 locus
772 3525 925 3589 Liviamus
948 3524 1071 3610 probat,
1096 3545 1158 3608 quo
1183 3523 1341 3587 decimum

70 3614 197 3686 lustrum
219 3629 291 3708 post
311 3628 449 3709 primum
467 3650 486 3693 a
501 3628 609 3695 Servio
633 3632 735 3696 Tullio
759 3633 921 3696 conditum
945 3652 1038 3717 opera
1061 3634 1134 3696 data
1152 3651 1341 3697 commemo·
1446 3639 1449 3645 '

71 3731 156 3791 ratur.
202 3731 413 3798 Nihilosecius
442 3742 547 3802 autem
573 3741 774 3804 retinuerunt
800 3741 934 3805 editores
962 3742 1151 3826 scriptarum
1173 3742 1341 3805 undevice-

76 3867 278 3886 Ἁ-

154 3959 174 4028 1)
192 3959 244 4015 Die
262 3965 331 4017 rbm.
352 3963 468 4030 Quellen
487 3971 535 4026 des
553 3971 646 4027 Livius
665 3977 720 4029 etc.
738 3993 766 4043 p.
788 3973 847 4027 136.

157 4046 178 4118 ²)
197 4049 273 4104 (loni.
293 4050 403 4108 Nisseni
420 4057 537 4114 librum:
556 4061 696 4118 Xritische
714 4063 977 4134 Untcrsuchungen‚
997 4081 1023 4132 p.
1042 4064 1104 4118 222.

156 4136 361 4206 ³)Plutarchus
389 4144 419 4199 in
443 4147 503 4202 vita
529 4151 690 4221 Poplicolae
718 4152 941 4207 coniurationem
959 4151 1135 4206 Vitelliorum
1155 4150 1341 4219 Aquilliorum

77 4240 123 4290 luc
132 4225 284 4283 describens
297 4230 367 4287 haec
386 4236 510 4294 exhibet:
530 4238 609 4310 ὅρκον
628 4241 724 4311 ὀμόσαι
742 4245 828 4312 μέγαν
845 4239 918 4305 ἔδοξε
934 4242 1002 4294 πᾶσι
1020 4246 1065 4292 καὶ
1076 4237 1171 4303 δεινὸν,
1191 4240 1340 4312 ᾇνθρώπον

77 4319 215 4384 σφαγέντος,
233 4315 437 4383 ἐπισπείσαντας
455 4325 524 4398 αἷμα
541 4337 587 4384 καὶ
605 4332 660 4384 τῶν
678 4331 834 4402 πλᾴγχνων
843 4333 981 4402 θιγόντας,
999 4330 1194 4400 uthiquoque
1204 4330 1341 4395 „nefando

79 4412 345 4556 ffiqhhominumque
362 4420 438 4467 caede
456 4426 584 4492 resperri“
604 4420 660 4475 dici
677 4421 795 4497 possint.
833 4421 909 4476 Gonf.
925 4419 1060 4476 Nibnsohii
1073 4418 1188 4473 librum:
1208 4419 1253 4474 die
1272 4424 1340 4473 rom.

162 4503 232 4576 ’81111ν
250 4531 278 4587 p.
298 4509 340 4565 34.

1166 4614 1199 4670 4*
