3134 5082
723 241 763 302 67
812 279 843 286 -

139 414 274 468 Zonaras:
316 413 367 468 κᾶν
399 415 483 482 τούτῳ
513 414 589 472 λύκος
621 415 719 484 ε’λαφον
745 447 748 491 ¹
809 415 914 470 Livius:
934 434 1014 470 cerva
1032 417 1142 486 fugiens
1161 416 1258 489 lupum
1277 434 1383 470 emon-

92 501 211 556 διώκων
238 501 281 561 εἰς
308 505 342 558 τὸ
370 507 568 573 μεταίχμιον
596 503 720 563 almaria
745 494 747 536 i
773 505 849 560 tibus
878 509 977 560 exacta
1003 523 1053 574 per
1081 523 1193 574 campos
1222 511 1290 555 inter
1317 510 1384 555 duas

94 591 188 649 αἰτὸς
205 593 255 662 μὲν
274 626 307 634 -
327 626 360 634 -—
380 625 414 634 —
434 591 595 662 διεξῆλθε.
773 599 840 647 ccz'es
867 595 989 650 decurrit
1015 627 1048 634 —
1073 595 1139 663 lupo
1168 600 1230 646 dcta
1254 599 1322 645 inter
1345 613 1384 644 cr·

773 691 846 738 diaes
864 691 915 738 οἱα.

93 771 115 837 ἡ
140 767 291 840 δ’ἕλοφος
309 773 482 840 κατεκόπη.
773 795 876 828 cervam
895 779 967 826 Galli
984 779 1121 844 confixere.

95 865 150 912 καὶ
172 859 186 913 ὁ
209 860 334 930 Μάξιμος
356 861 438 916 κατὰ
456 862 563 930 :avaros
582 883 610 914 τε
629 862 720 920 aiacis
773 869 803 921 et
825 870 1008 918 circumvectus
1032 870 1064 916 ab
1089 874 1162 930 tergo
1185 860 1321 924 Gallicam
1346 867 1384 912 r'n·

94 953 287 1022 προςέπεοε
307 955 352 1004 καὶ
365 949 540 1021 παμπόλλους
558 950 718 1020 ἐφόνευσε,
773 959 870 1006 vadere
884 953 974 1011 aciem
989 958 1018 1007 et
1029 992 1105 1008 .....
1116 951 1220 1008 instare
1230 967 1262 1004 ac
1272 949 1384 1020 territos

774 1047 886 1096 caedere.

125 1233 129 1242 ι
198 1151 234 1214 In
270 1152 320 1214 his
354 1153 451 1235 igitur
486 1172 677 1240 quamquam
713 1153 782 1216 sine
816 1152 912 1216 dubio
947 1152 1127 1215 abbreviata
1163 1156 1210 1213 est
1246 1150 1385 1212 Zonarae

98 1261 259 1340 narrati0,
291 1258 399 1322 Livius
428 1266 458 1323 et
487 1260 623 1324 Zonaras
653 1263 770 1343 optime
798 1260 1043 1340 consentiuntll,
1076 1260 1131 1324 scd
1160 1257 1243 1344 quod
1272 1257 1385 1320 adiciat

101 1368 245 1431 Zonaras
273 1369 306 1429 in
334 1366 397 1430 fine
420 1369 608 1438 narrationis
631 1367 765 1431 Fabium
788 1369 964 1432 Maximum
989 1366 1078 1431 Decii
1101 1386 1214 1450 corpus
1237 1362 1295 1434 cdv
1317 1379 1385 1442 τοῖς

101 1481 237 1552 cautela
259 1492 421 1553 cremasse,
444 1473 580 1538 Dionem
602 1479 725 1559 praeter
744 1473 902 1553 Livium2)
927 1476 1023 1538 alium
1047 1473 1244 1539 consuluisse
1266 1471 1383 1536 fontem

103 1579 408 1664 Baumgartnerusn
442 1581 595 1663 opinatur.
651 1579 711 1644 Sed
744 1581 783 1644 ab
816 1583 901 1644 omni
934 1578 1209 1644 verisimilitudine
1241 1577 1386 1642 abhorret

102 1688 242 1752 Dionem
279 1692 418 1770 propter,
456 1705 522 1749 rem
563 1707 644 1770 quae
682 1694 729 1751 est
765 1691 854 1772 parvi
892 1691 1043 1752 momenti
1079 1689 1173 1751 alium
1209 1687 1386 1770 inspexisse

104 1803 281 1874 auctorem3
311 1816 374 1879 qua
401 1795 440 1858 de
467 1815 561 1859 causa
588 1797 670 1859 hanc
697 1796 909 1860 diversitatem
938 1797 1028 1859 aliter
1057 1797 1214 1880 explicare
1241 1792 1384 1858 conabar.

104 1908 156 1966 Ac
183 1905 320 1988 primum
348 1902 476 1985 quidem
503 1900 638 1965 Dionem
666 1903 817 1986 opinabar
844 1904 925 1966 inter
952 1923 986 1966 se
1013 1902 1193 1966 confudisse
1219 1901 1250 1964 Τ.
1275 1899 1386 1963 Manlii

104 2017 137 2074 et
161 2009 196 2074 P.
212 2009 301 2073 Decii
323 2009 427 2072 trinus.
474 2007 612 2072 Exhibet
636 2011 720 2074 enim
743 2009 853 2075 LivIus
872 2009 960 2072 VIII.
987 2011 1013 2073 7.
1032 2011 1073 2072 22
1101 2010 1190 2072 haec:
1224 2013 1261 2072 ut
1283 2023 1387 2090 neque

108 2168 210 2180 .....
227 2107 407 2202 parceretur
434 2113 614 2200 spoliisque
641 2122 822 2181 contectum
851 2116 983 2182 invenis
1011 2125 1132 2203 corpus
1155 2122 1273 2181 structo
1297 2120 1387 2178 extra

105 2225 227 2288 vallum
254 2243 329 2306 rogo
352 2227 574 2285 cremaretur«
604 2243 685 2307 quae
712 2224 808 2287 verba
836 2225 968 2288 conferri
998 2232 1131 2309 possunt
1154 2244 1226 2288 cum
1250 2222 1384 2286 Zonara:

105 2329 166 2400 tric
187 2334 246 2416 μὲι·
268 2337 328 2397 τοῦ
351 2333 465 2398 Δεκίου
488 2327 605 2416 νεκρόυ
627 2335 805 2399 κατέκαυσε
829 2332 888 2400 oda
909 2347 978 2410 τοῖς
1002 2339 1136 2417 σκυλοῖς.
1177 2331 1255 2393 Tum
1281 2335 1386 2402 aulem

108 2437 294 2502 deliberanti
323 2437 414 2518 mihi,
444 2457 539 2520 quam
568 2457 638 2500 raro
667 2439 833 2522 scriptores
862 2439 1025 2502 annalium
1053 2459 1071 2502 a
1098 2438 1183 2502 fonte
1206 2436 1386 2512 recedentes

107 2546 146 2609 ad
171 2564 208 2608 ea
231 2563 312 2626 quae
336 2549 427 2606 antea
450 2547 576 2608 narrata
599 2550 682 2626 sunt,
705 2548 904 2630 respicerent,
927 2547 989 2608 alia
1008 2544 1222 2608 difficultatem
1244 2544 1386 2617 solvendi

106 2655 186 2718 ratio
210 2651 400 2715 occurrebat.
436 2651 587 2715 Zonaras
610 2654 695 2715 enim
719 2654 815 2716 verba
837 2673 967 2738 prorsus
990 2673 1064 2716 cum
1087 2651 1176 2716 Livio
1200 2657 1386 2735 congruunt,

107 2763 134 2825 si
159 2760 283 2824 Livium
312 2761 417 2844 ipsum
439 2761 491 2822 vel
515 2762 582 2823 eIus
607 2764 766 2823 auctorem
790 2782 808 2823 a
831 2760 933 2824 Dione
955 2762 1158 2845 neglegenter
1180 2761 1296 2824 lectum
1319 2779 1387 2824 esse

107 2868 265 2948 concedis,
301 2887 374 2929 nam
410 2867 436 2929 si
467 2871 570 2929 mutas
604 2868 638 2928 in
673 2869 840 2930 enunciato
875 2865 958 2930 Livii
992 2905 1027 2912 —
1058 2887 1122 2950 cap.
1140 2869 1190 2929 29.
1216 2869 1233 2948 ξ
1260 2868 1300 2929 18
1330 2889 1385 2928 -;

107 2976 262 3038 »dimissis
297 2976 336 3038 ad
371 2974 588 3058 quaerendum
623 2975 760 3059 collegae
794 2995 907 3060 corpus
942 2976 1041 3058 spolia
1076 2976 1213 3038 hostium
1247 2976 1387 3038 coniecta

106 3084 143 3144 in
172 3101 318 3144 acervum
341 3081 416 3144 Jovi
439 3080 559 3142 Victori
589 3083 754 3144 cremavit«
777 3082 887 3145 verba:
926 3082 977 3146 »ad
1009 3083 1225 3166 quaerendum
1250 3083 1387 3165 collegae

106 3210 236 3274 corpus«
257 3192 291 3251 In
314 3189 368 3252 aad
393 3189 609 3272 quaerendum
634 3191 794 3273 collegam,
818 3209 953 3274 corpus«,
978 3191 1077 3254 mirus
1101 3191 1205 3253 statim
1221 3191 1388 3253 Interccdit

107 3315 281 3360 consensus
305 3315 377 3358 cum
398 3294 532 3358 Zonara:

199 3421 321 3484 Livius:
347 3421 463 3485 llaqus
488 3423 625 3486 dimissis
650 3425 688 3486 ad
713 3424 929 3507 quaerendum
953 3424 1118 3507 collegam,
1142 3444 1265 3508 corpus
1289 3425 1389 3507 spolia

343 3528 482 3592 hostium
506 3532 646 3593 coniecta
669 3532 702 3592 iu
726 3550 873 3594 acervum
896 3530 917 3594 J
919 3531 971 3593 ovi
994 3530 1115 3594 Victori
1139 3532 1297 3596 cremavit.

168 3653 317 3715 Zonaras:
343 3651 488 3740 Μάξιμος
520 3659 555 3722 di
589 3653 709 3738 Φάβιος
741 3655 801 3723 τὸν
831 3658 891 3741 μὲν
922 3663 982 3723 τοῦ
1008 3660 1123 3724 Δεκίου
1151 3653 1268 3740 υεκρόυ
1295 3659 1387 3723 κατέ-

343 3783 440 3830 καυσε
465 3759 523 3830 οὐν
546 3776 615 3840 τοῖς
637 3770 774 3840 amolcie.

109 3887 320 3900 —.--—--,

202 3974 223 4037 1)
243 3972 283 4028 Ne
311 3973 435 4028 levitatis
462 3991 576 4028 accuser
602 3991 659 4027 uon
687 3974 910 4043 praetermittam
935 3976 1022 4030 verba
1045 3975 1166 4030 Zonarae
1190 3974 1227 4044 μή
1251 3996 1304 4028 τινι
1327 3983 1387 4048 περὶ

106 4064 157 4128 τῆς
178 4062 296 4134 πράξεως
319 4063 511 4131 κοινωσάμενος
535 4063 685 4118 eIivicna
708 4064 864 4120 devotionis
886 4065 967 4120 Decii
990 4065 1151 4120 narratione
1175 4065 1309 4134 explicari
1332 4083 1389 4124 non

107 4170 201 4223 possm
229 4153 315 4208 immo
344 4155 495 4209 secundum
522 4153 632 4207 Livium
659 4153 688 4209 in
718 4154 811 4208 media
838 4173 934 4224 pugna
960 4156 990 4210 id
1018 4155 1094 4224 quod
1121 4154 1175 4209 sibi
1202 4154 1308 4216 ammo.
1325 4172 1388 4224 prc-

107 4246 241 4313 posucrat
264 4242 365 4298 Decius
389 4244 527 4313 professus
542 4261 609 4306 ,esse
633 4243 774 4312 putandus
799 4247 849 4298 est.
891 4245 971 4308 Hunc
991 4244 1146 4300 dissensum
1165 4262 1222 4300 non
1241 4245 1389 4306 adnotavit

97 4333 357 4402 ,Baumgartnems

201 4421 224 4489 2)
244 4421 316 4476 Nam
335 4439 349 4476 e
368 4421 446 4478 Livio
466 4439 517 4476 sua
535 4422 658 4476 hausisse
677 4421 797 4476 Dionem
815 4422 857 4476 vir
876 4425 975 4482 doctus
994 4423 1156 4478 arbitratur.

204 4509 224 4582 3)
245 4511 320 4568 Conf.
341 4511 556 4582 Baumgartneri
574 4511 699 4572 libellum
718 4530 745 4584 p.
764 4513 788 4566 5.
