3134 5082
749 235 879 294 ..52
938 272 967 279 -.

222 411 338 475 Caecus
361 406 394 476 L
412 413 604 476 Volumnius
621 449 662 456 -
680 413 800 495 aliquot
823 411 917 474 urbes
934 411 1123 474 Samnitium
1144 415 1263 495 cepisse
1279 413 1437 482 dicuntur,
1458 411 1484 471 ad

221 525 364 582 nostrum
399 519 535 582 auctoris
570 519 608 581 de
634 539 663 582 v,
691 519 734 581 ill.
770 519 874 582 locum
907 523 1033 602 spectat
1088 516 1136 580 De
1160 517 1285 584 Sabinis
1319 523 1430 582 autem
1459 515 1485 578 ah

220 626 323 708 Appio
357 624 540 708 perdomitis
574 623 683 688 Livius
719 625 847 708 quidem
881 625 961 688 nihil
995 625 1147 708 comperti
1180 624 1288 706 habet,
1322 625 1384 690 sed
1418 629 1489 686 extat

221 733 305 796 aliud
334 738 589 814 monumentum,
622 732 707 814 quod
735 751 808 796 oum
832 733 963 795 Aurelio
988 731 1114 796 Victore
1142 753 1336 816 quamquam
1369 751 1421 794 res
1442 731 1489 794 alio

222 841 330 905 ordine
358 859 426 904 sese
454 841 616 923 excipiunt
643 841 809 922 conspirat.
860 838 899 902 In
922 840 1023 922 elogio
1047 840 1132 902 enim
1156 839 1253 924 Appii
1276 838 1407 902 Claudii
1429 839 1490 900 haec

220 949 370 1032 leguntur
381 947 415 1028 1);
461 947 624 1031 complura
659 948 773 1030 oppida
808 948 846 1010 de
880 945 1075 1010 Samnitibus
1111 949 1206 1031 oepit,
1245 947 1441 1012 Sabinorum
1469 955 1491 1008 et

220 1055 393 1120 Tuscorum
432 1055 606 1118 exercitum
644 1054 733 1118 fudit.
797 1053 867 1116 Hae
905 1054 1004 1136 igitur
1041 1055 1162 1116 ratione
1201 1055 1369 1120 enucleavi
1407 1055 1491 1116 artius

220 1165 303 1227 inter
330 1181 363 1226 se
391 1163 554 1226 cohaerere
580 1162 700 1225 fontem
727 1161 851 1224 Aurelii
874 1160 1011 1226 Victoris
1040 1161 1242 1245 elogiumque
1268 1162 1368 1246 Appii
1399 1160 1492 1223 ethis

222 1271 357 1334 eundem
380 1270 547 1334 Aurelium
577 1289 650 1332 eum
674 1270 764 1352 sequi
786 1269 920 1349 iontem,
948 1287 1043 1351 quem
1066 1267 1205 1352 inspexit
1229 1270 1357 1352 quidem
1386 1267 1492 1332 Livius.

221 1379 275 1442 sed
299 1399 363 1440 nou
386 1379 572 1461 primarium
597 1375 746 1439 adhibuit.

318 1641 336 1708 ¹)
355 1639 396 1694 De
414 1639 468 1693 hoo
487 1638 578 1708 elogio
598 1637 657 1708 egit
675 1639 864 1692 Mommsenus
883 1638 1021 1708 inprime
1041 1640 1094 1694 vol.
1115 1657 1190 1709 corp.
1209 1639 1278 1694 inse.
1297 1640 1345 1695 lat.
1368 1659 1398 1709 p.
1416 1640 1471 1693 287.
