3134 5082
745 219 963 284 Β601.

305 397 378 466 Jam
411 403 577 466 dicendum
611 409 657 466 est
692 403 730 465 de
761 401 868 465 libello
903 401 941 464 de
973 398 1273 486 11111011111011111110,
1307 397 1356 482 qui
1389 394 1469 460 fertur

216 509 340 572 Aurelii
374 508 512 572 Victoris
550 510 685 572 nomine.
753 505 853 584 Quem
891 526 931 571 ex
967 508 1105 591 antiquis
1143 507 1253 590 eisque
1288 505 1342 568 fide
1383 505 1470 586 dignis

217 616 397 680 auctoribus
436 637 494 680 sua
530 617 673 680 hausisse
710 618 793 679 11101
831 635 939 679 omnes
978 620 1100 678 constat
1137 619 1233 697 atque
1267 633 1320 696 ego
1349 629 1470 694 quoque,

217 743 411 807 quamquam
445 743 500 807 per
533 743 634 807 pauca
668 729 743 787 sunt
778 742 859 807 quae
894 722 933 785 ab
965 722 1095 786 Aurelio
1129 722 1229 784 relata
1262 721 1300 784 ad
1332 719 1471 782 decimum

215 830 332 893 librum
365 832 553 914 pertineant,
585 831 669 894 idem
698 831 854 913 judicium
881 830 1019 914 proferre
1048 839 1163 913 potero.
1219 829 1268 890 Ac
1298 847 1334 889 ne
1364 825 1471 907 longior

217 939 286 1019 sim,
310 938 348 1000 de
372 938 526 1022 capitibus
550 943 674 1002 tantum
698 937 748 1002 27.
767 939 816 1001 32.
843 940 892 1000 34.
918 937 1100 1022 diligentius
1124 937 1300 999 edisseram.

305 1043 412 1128 Capite
428 1044 468 1108 27
493 1045 574 1108 nihil
596 1045 778 1129 proficimus
802 1047 864 1108 nisi
888 1044 973 1129 quod
996 1045 1114 1128 populi,
1139 1045 1194 1128 qui
1210 1040 1472 1106 contraRcmanos

217 1154 484 1235 conspiraverant,
513 1154 545 1214 in
575 1153 673 1215 alium
702 1152 844 1215 ordinem
872 1152 986 1236 digesti
1013 1161 1224 1215 recensentur.
1276 1148 1354 1212 Ordo
1386 1155 1473 1208 autem

216 1260 267 1322 hic
295 1266 353 1323 est:
394 1260 476 1324 Galli
500 1261 656 1324 Samnites
682 1259 794 1323 Umbri
816 1261 923 1342 Tusci,
956 1280 1052 1343 quam
1080 1278 1148 1322 rem
1174 1259 1246 1321 ideo
1272 1275 1376 1341 premo
1406 1252 1472 1336 quod

215 1368 250 1430 in
283 1370 447 1451 00111032
481 1369 520 1431 ad
554 1369 637 1451 quod
670 1387 757 1432 nunc
789 1369 1018 1432 transeundum
1051 1374 1110 1444 est,
1143 1367 1338 1430 Marsorum
1372 1379 1471 1425 11011101

217 1495 273 1558 pro
304 1472 488 1539 Samnitico
520 1476 643 1558 legitur.
698 1475 747 1540 Ac
779 1478 880 1560 prima
912 1476 998 1539 illius
1031 1476 1142 1559 capitis
1174 1471 1364 1557 paragrapho
1398 1467 1473 1530 refert

215 1581 365 1644 Aurelius
398 1582 436 1644 de
469 1580 504 1657 Q.
528 1581 617 1644 Fabii
647 1581 787 1645 Rulliani
820 1583 989 1666 triumphis
1026 1588 1057 1645 et
1093 1584 1233 1666 primurn
1266 1580 1350 1642 illum
1385 1577 1470 1638 virm

216 1688 426 1772 triumphasse
458 1689 533 1752 dicit
565 1690 603 1752 de
631 1691 747 1774 Apulis
780 1709 816 1752 ac
842 1689 1019 1754 Nucerinis.
1065 1690 1138 1754 Jam
1162 1688 1250 1773 {Livii
1281 1687 1472 1750 narrationem

216 1794 255 1858 ad
283 1794 409 1858 easdem
436 1813 486 1858 res
513 1797 723 1879 pe1tinentem
752 1798 779 1859 si
806 1815 879 1859 cum
907 1797 966 1860 hcc
994 1798 1130 1860 auctoris
1154 1796 1192 1858 de
1216 1796 1293 1858 viris
1315 1787 1470 1856 illustribus

216 1902 394 1964 testimonio
423 1919 597 1984 comparas,
625 1902 712 1965 1111110
740 1922 812 1965 cum
840 1902 926 1966 fonte
953 1903 1007 1966 illc
1037 1903 1179 1986 quidem,
1212 1903 1264 1964 cui
1287 1920 1321 1964 se
1343 1895 1471 1984 primam

215 2006 325 2071 Livius
350 2007 531 2089 adstrinxit,
558 2028 623 2071 non
646 2028 819 2092 congruere
841 2011 875 2072 in
899 2011 1064 2094 propatulo
1088 2017 1147 2090 est,
1176 2009 1231 2073 sed
1252 2008 1343 2070 initio
1365 2023 1426 2086 cap.
1440 1999 1468 2061 41

214 2113 379 2177 libriVlIl
394 2113 504 2178 Livius
528 2115 605 2178 alios
626 2116 785 2179 consuluit
801 2122 952 2197 auctores,
976 2118 1031 2202 qui
1052 2117 1206 2198 consules,
1230 2135 1294 2178 non
1311 2114 1469 2176 dictatorern

215 2223 378 2285 1111111432
403 2242 433 2285 11.
458 2241 482 2285 c.
510 2221 630 2285 bellum
657 2226 792 2307 gessisse
820 2244 856 2288 ac
879 2225 917 2288 de
940 2223 1135 2290 Samnitibus
1158 2224 1369 2307 triumphasse
1390 2215 1469 2281 trade

213 2329 303 2411 bant,
335 2331 495 2412 iidemque
527 2331 656 2395 annales
685 2333 867 2396 adiecerunt
894 2335 928 2395 in
952 2335 1103 2418 Apuliam
1126 2331 1260 2396 Fabium
1288 2326 1467 2415 processisse:

215 2438 407 2522 quibuscum
433 2437 506 2501 fasti
534 2440 740 2523 triumphales
769 2443 825 2524 qui
854 2441 892 2504 de
921 2440 1116 2505 Samnitibus
1146 2447 1176 2503 et
1199 2439 1331 2524 Apuleis
1359 2434 1469 2499 Fabium

214 2544 280 2607 XII
307 2544 377 2608 Kal.
407 2544 496 2607 Mart.
530 2546 606 2607 anni
639 2544 812 2609 CDXXXI
850 2548 1046 2631 triumphum
1082 2548 1183 2630 egisse
1217 2543 1379 2624 exhibent,
1416 2556 1468 2600 cou-

212 2655 364 2716 sentiunt.
410 2651 458 2716 De
481 2652 595 2736 Apulis
622 2654 720 2737 igitur
746 2657 781 2717 in
805 2655 905 2719 tribus
928 2655 1068 2720 fontibus
1091 2674 1141 2718 res
1165 2657 1299 2730 constat,
1327 2652 1366 2713 de
1386 2647 1469 2712 Nuce-

212 2762 292 2823 rinis
326 2761 477 2825 Aurelius
506 2761 614 2823 Victor
652 2762 739 2825 solus
774 2763 893 2846 aliquid
929 2765 1080 2847 comperti
1117 2761 1218 2825 habet.
1282 2759 1343 2822 Sed
1377 2775 1414 2819 ne
1442 2752 1467 2813 dt

213 2867 310 2929 altero
344 2867 473 2949 quidem
505 2867 676 2950 triumphe,
710 2887 805 2951 quem
833 2868 964 2932 Fabium
994 2870 1032 2932 de
1055 2868 1249 2932 Samnitibus
1278 2867 1379 2950 egisse
1405 2857 1466 2945 apud

213 2975 379 3037 Aurelium
412 2974 575 3038 Victorem
609 2975 757 3058 legimus,
791 2977 843 3039 hic
877 2979 1009 3061 scriptor
1043 2997 1116 3040 011111
1151 2977 1260 3039 ceteris
1296 2967 1467 3056 antiquitatis

212 3083 428 3144 monumentis
461 3084 626 3166 conspirat.
683 3080 766 3145 Nam
799 3088 829 3146 et
855 3083 997 3164 1111111οῙ)
1031 3090 1061 3147 01
1092 3083 1164 3146 fasti
1191 3081 1397 3165 triumphales
1422 3091 1466 3137 non

214 3188 252 3250 de
275 3187 470 3252 Samnitibus
498 3189 552 3252 sed
582 3189 620 3253 de
643 3191 785 3255 Etruscis
810 3190 943 3254 Fabium
970 3193 1085 3255 iterum
1112 3191 1322 3274 triumphasse
1343 3187 1467 3273 produnt

213 3295 274 3359 Sed
303 3297 340 3359 de
369 3298 428 3360 hoc
455 3299 592 3362 auctoris
619 3299 688 3362 loco
717 3305 784 3362 turn
813 3299 940 3362 demum
971 3309 1092 3364 certum
1119 3298 1251 3383 proferri
1273 3297 1388 3382 poterit
1405 3289 1467 3376 judi·

213 3405 310 3485 cium,
343 3407 369 3466 si
402 3405 441 3468 de
472 3406 562 3468 tertio
595 3406 754 3491 triumpho
787 3407 864 3490 quid
896 3413 1029 3488 constet,
1062 3407 1177 3470 videro.
1227 3407 1277 3468 Ae
1304 3424 1400 3487 supra
1420 3403 1467 3483 jum

213 3513 306 3575 docui
337 3513 504 3576 Aurelium
533 3513 693 3578 Victorem
726 3534 800 3578 cum
832 3517 933 3598 capite
957 3516 997 3576 27
1033 3514 1138 3578 Gallos
1167 3513 1324 3578 Samnites
1352 3509 1466 3574 Umbros

212 3621 329 3684 Tuscos
358 3627 467 3684 contra
488 3621 648 3686 Romanos
673 3625 868 3706 conspirasse
891 3625 1072 3707 exposuerit
1095 3623 1228 3686 aliorum
1251 3641 1315 3684 non
1339 3620 1466 3688 ordinem,

214 3729 268 3792 sed
302 3731 433 3792 nomina
467 3731 577 3793 saltem
612 3749 742 3794 servans
776 3731 827 3793 hio
861 3731 899 3793 de
933 3730 1044 3812 Gallis,
1076 3731 1206 3794 Umbris
1230 3725 1363 3792 Marsis
1396 3731 1467 3806 atque

212 3835 321 3898 'luscis
344 3834 478 3898 Fabium
511 3839 601 3899 tertio
634 3838 845 3921 triumphasse
877 3857 1019 3917 narrare,
1053 3857 1134 3920 quae
1166 3837 1381 3920 descrepantia
1411 3826 1466 3895 mihi

212 3945 300 4004 tanta
323 3960 390 4004 esse
412 3941 587 4023 videbatur,
610 3948 731 4006 utnon
756 3934 924 4027 scriptoris,
948 3943 1002 4006 sed
1025 3943 1145 4006 librarii
1169 3943 1332 4007 cuiusdam
1354 3951 1466 4004 errorem

212 4066 263 4109 me
297 4049 449 4131 reperisse
478 4048 667 4130 judicarem,
701 4053 884 4133 praesertim
917 4070 991 4113 cum
1024 4050 1108 4134 apud
1141 4051 1298 4113 neminenr
1331 4053 1465 4110 auctorem

214 4154 252 4217 de
290 4153 371 4218 bello
409 4162 518 4220 contra
552 4155 673 4220 Marsos
706 4158 761 4219 illo
797 4177 879 4220 anno
917 4164 1004 4240 gesto
1045 4159 1220 4241 quidquam
1255 4157 1405 4220 traditum
1433 4149 1465 4212 sil«

213 4264 319 4345 Atque
351 4265 497 4345 quamvis
529 4283 593 4326 non
627 4265 687 4328 sim
719 4266 845 4328 nescius
878 4266 1101 4330 abstinendum
1133 4286 1201 4330 esse
1234 4266 1272 4329 ab
1300 4284 1336 4328 eo
1365 4263 1465 4327 crium

307 4492 325 4560 1)
345 4491 402 4546 Liv.
422 4493 467 4548 IX.
488 4495 530 4548 00.
550 4495 592 4550 20.
