3134 5082
731 219 950 280 „52-

201 396 329 477 simum,
359 418 553 481 quamquam
588 400 654 480 jam
693 397 878 461 Huschkius
888 397 910 477 1)
949 399 1114 461 lectionem
1152 398 1239 460 »inde
1278 397 1479 460 vicesimum«

206 504 486 568 commendaverat.
534 505 609 568 Post
633 524 727 588 quem
754 503 997 585 Mommsenus2)
1022 507 1070 568 'eis
1095 523 1175 588 quae
1202 525 1296 588 supra
1320 502 1482 566 attulimus

203 613 396 694 argumentis
420 613 548 677 eandem
572 615 687 677 iterum
711 613 788 674 viris
812 607 911 676 doctis
926 611 1059 697 probare
1075 611 1219 676 studebat
1234 631 1271 674 ac
1287 629 1480 693 quamquam

203 737 267 780 non
291 718 478 801 omnibuS,³)
501 720 758 786 Weissenbornio
782 725 886 782 tamen
903 721 947 781 ita
962 721 1125 803 persuasit,
1145 722 1228 782 utin
1246 724 1372 782 textum
1392 736 1482 800 quem

199 831 314 889 vocant
344 827 432 889 illam
457 828 558 890 »inde«
584 828 770 913 particulam
803 829 961 910 reciperet.
1008 824 1100 902 Quod
1136 847 1208 891 eum
1246 833 1328 890 recte
1368 825 1479 888 fecisse

202 951 243 995 ex
266 934 315 997 his
339 934 408 998 aliis
432 938 535 1000 causis
559 937 705 1019 cognosci
728 939 842 1019 potest:
866 934 1004 998 vidimus
1028 933 1110 996 livii
1133 942 1293 999 auctorem
1315 931 1481 1016 usquead

202 1047 296 1125 caput
318 1042 369 1104 46.
396 1040 494 1104 fuisse
517 1043 678 1105 Antiatem
705 1061 809 1125 neque
837 1040 989 1104 habemus
1017 1061 1074 1104 our
1100 1044 1218 1126 primas
1246 1043 1324 1105 duas
1348 1061 1420 1124 cap.
1444 1041 1479 1100 41

200 1149 411 1232 paragraphus
437 1148 552 1232 quibus
577 1169 657 1232 quae
680 1151 734 1213 ille
757 1151 795 1212 de
817 1166 950 1213 numero
972 1149 1066 1213 lustri
1089 1149 1178 1214 affert
1193 1151 1410 1228 continentur,
1434 1146 1480 1208 alii

201 1253 377 1320 tribuamus
410 1258 561 1340 scriptori.
609 1255 709 1332 Quem
740 1262 843 1320 autem
872 1275 968 1340 snpra
995 1257 1196 1321 laudavimus
1228 1257 1333 1320 locum
1358 1291 1405 1300 —-
1429 1251 1480 1315 Ill.

203 1363 253 1425 24.
278 1364 318 1427 10
345 1400 396 1445 --,
419 1383 492 1427 eum
520 1381 561 1426 ex
588 1364 697 1428 eodem
721 1365 849 1428 Antiate
872 1363 1073 1447 desumptum
1096 1383 1165 1428 esse
1183 1366 1250 1446 jam
1273 1365 1328 1427 diu
1351 1368 1478 1447 propter

202 1461 316 1536 census
339 1491 488 1536 numeros
512 1471 668 1537 subtiliter
690 1479 816 1536 exactos
834 1473 896 1534 riri
919 1472 1001 1534 docti
1025 1472 1175 1555 suspicati
1198 1469 1313 1552 9111114)
1361 1467 1478 1534 Confir-

202 1585 308 1642 matur
329 1580 426 1662 igitur
449 1579 497 1651 his
521 1581 643 1644 Antiati
665 1579 791 1643 Livium
814 1581 872 1643 hos
895 1579 1068 1642 lustrorum
1097 1597 1247 1642 numeros
1276 1577 1402 1656 debere,
1432 1575 1479 1657 qui

202 1686 377 1770 secundum
412 1687 674 1751 consuetudinem
700 1687 877 1751 Romanam
911 1686 1069 1750 decimum
1098 1686 1246 1770 quodque
1277 1686 1420 1748 lustrum
1452 1683 1481 1742 in

202 1793 369 1858 annalibus
394 1795 561 1858 adnotavit.
598 1795 647 1858 Ac
666 1796 744 1877 jure·
761 1794 899 1878 quodam
923 1794 1039 1858 dixerit
1063 1795 1221 1878 quispiam
1250 1793 1332 1855 hanc
1355 1795 1479 1855 senten-

203 1901 280 1963 tiam
312 1909 475 1985 propterea
505 1903 618 1967 falsam
649 1921 731 1982 esse,
760 1901 845 1985 quod
872 1902 1059 1964 vicesimum
1092 1900 1130 1964 ab
1159 1901 1280 1984 origine
1313 1899 1406 1964 urbis
1435 1895 1478 1957 rel

202 2007 360 2071 decimum
387 2029 405 2071 a
431 2012 541 2093 primis
575 2008 757 2074 censoribus
788 2009 926 2071 lustrum
955 2008 1040 2090 quod
1067 2010 1100 2070 in
1128 2009 1218 2071 tertio
1251 2007 1324 2070 libri
1339 2053 1341 2058 -
1357 2003 1477 2090 septimi

201 2117 301 2199 capite
333 2121 477 2181 nostrum
512 2117 687 2182 adscribere
716 2118 866 2201 oportuit,
899 2117 1155 2200 praetermissum
1189 2117 1238 2178 sit.
1285 2114 1345 2178 Sed
1380 2114 1475 2198 primo

202 2223 365 2286 ocrdorum
397 2224 510 2288 obtutu
533 2227 589 2309 qui
615 2225 695 2288 illud
723 2229 817 2307 caput
849 2225 1091 2304 examinaverit,
1120 2241 1176 2286 our
1203 2221 1313 2285 Livius
1344 2222 1475 2284 lustrum

200 2329 281 2392 illud
304 2332 428 2395 silentio
451 2335 651 2417 praeterierit,
675 2333 832 2417 explicare
855 2335 975 2416 poterit.
1022 2331 1162 2414 Exponit
1185 2331 1270 2392 enim
1292 2332 1402 2390 noster
1428 2323 1474 2385 illo

201 2443 232 2500 et
259 2438 454 2502 antecedenti
487 2442 586 2524 capite
615 2442 654 2504 de
685 2439 917 2525 placaminibus
950 2439 1080 2503 deorum
1114 2437 1230 2521 quibus
1258 2435 1394 2498 Romani
1418 2431 1474 2492 rim

200 2545 395 2629 pestilentiae
418 2546 523 2610 levare
548 2548 751 2629 conabantur,
775 2553 870 2630 atque
892 2549 959 2632 ipse
982 2548 1015 2609 in
1039 2546 1103 2610 fine
1126 2544 1317 2608 narrationis
1342 2537 1470 2604 auctoris

201 2671 327 2734 nomen,
344 2654 398 2736 qui
415 2659 481 2718 erat
497 2653 623 2718 Cincius
641 2657 789 2740 »diligens
808 2657 918 2720 talium
934 2659 1212 2718 monumentorum
1233 2657 1362 2729 auctor«,
1389 2647 1470 2712 affan-

201 2757 296 2821 Hanc
317 2761 415 2843 igitur
438 2781 565 2826 causam
595 2781 662 2827 esse
686 2763 829 2845 arbitror,
854 2783 912 2827 cur
933 2762 1043 2827 Livius
1067 2761 1106 2824 de
1129 2761 1277 2824 vicesimo
1301 2757 1339 2819 ab
1365 2754 1467 2838 origine

201 2866 289 2930 urbis
312 2868 412 2931 lustro
436 2872 515 2934 nihil
538 2873 688 2954 comperti
711 2871 831 2934 habeat.

292 2973 380 3050 Quae
402 2982 471 3040 tum
487 2979 628 3041 eiusdem
652 2981 761 3061 capitis
784 2977 988 3062 paragraphis
1005 2979 1024 3040 3
1041 2977 1108 3040 et4
1129 2976 1167 3038 de
1189 2973 1362 3037 honoribus
1387 2973 1471 3033 victe

201 3101 274 3143 rum
297 3087 328 3145 et
351 3083 390 3145 de
411 3083 568 3147 damnatis
597 3084 720 3174 aliquot
746 3085 902 3168 pecuariis
931 3090 1127 3161 enarrantur,
1151 3101 1188 3144 ea
1211 3081 1289 3162 quin
1312 3083 1422 3141 noster
1442 3090 1473 3135 ex

202 3186 335 3251 diversis
359 3189 539 3254 auctoribus
563 3193 779 3275 exscripserit,
806 3210 872 3254 non
900 3196 946 3255 est
975 3190 1107 3252 dubium
1134 3187 1318 3272 praesertim
1346 3182 1475 3247 cumin

202 3295 266 3358 fine
289 3298 385 3359 unius
409 3299 564 3382 cuiusque
587 3301 664 3362 anni
688 3299 764 3383 quid
787 3301 904 3384 singuli
924 3306 1066 3361 auctores
1088 3301 1211 3380 praeter
1232 3294 1351 3357 fontem
1366 3295 1475 3376 prima

201 3407 287 3467 rium
309 3404 505 3488 exhiberent,
533 3408 654 3471 adicere
682 3408 807 3486 soleret3
832 3407 887 3470 sed
910 3407 975 3488 jam
1003 3403 1196 3488 paragrapho
1226 3401 1337 3484 quinta
1359 3393 1475 3462 Antiati

201 3533 313 3577 rursus
350 3533 384 3576 se
425 3515 603 3597 adstringit,
635 3514 667 3577 id
707 3516 791 3597 quod
826 3519 857 3578 et
899 3509 1103 3597 sequentibus
1148 3505 1414 3572 demonstrabitur
1450 3505 1475 3562 et

202 3621 433 3703 comparatione
463 3620 632 3685 verborum
665 3641 729 3707 cap.
764 3624 803 3685 31
835 3623 853 3704 §
882 3623 914 3684 8:
954 3620 1058 3684 »Felix
1086 3637 1187 3681 annus
1219 3615 1340 3679 bellicis
1372 3611 1475 3674 rebus«

202 3747 275 3791 cum
302 3728 496 3812 paragrapho
529 3735 618 3793 sexta
649 3732 749 3792 nostri
781 3731 905 3813 capitis:
942 3728 1067 3809 „multis
1099 3723 1194 3787 rebus
1226 3723 1327 3784 laetus
1360 3715 1474 3782 11111119ιδ

203 3836 344 3900 efficitur.
1541 3807 1543 3948 1

294 4030 313 4082 11
333 4032 365 4084 In
382 4030 454 4085 libro
472 4030 597 4100 egregio:
617 4029 668 4084 Die
681 4029 848 4098 Verfassung
866 4029 913 4083 des
929 4026 1050 4096 Koenigs
1060 4023 1170 4080 Servius
1189 4022 1297 4076 Tullius
1317 4020 1358 4074 als
1375 4014 1473 4073 Grund-

202 4120 266 4189 lage
284 4124 330 4175 etc
348 4120 516 4190 Heidelberg
535 4119 603 4174 1838
621 4138 649 4190 p.
670 4119 721 4173 520
740 4119 803 4172 adn.

293 4228 314 4297 2)
333 4228 365 4280 ln
384 4226 502 4281 Hermae
520 4228 576 4281 vol.
596 4228 616 4282 Ι.
635 4245 662 4296 p.
683 4227 741 4280 129.

294 4317 315 4380 ⁸]
334 4317 366 4371 A.
376 4316 420 4370 W.
436 4316 595 4385 Zumptium
613 4316 694 4370 utin
712 4315 808 4369 multis
828 4315 890 4369 aliis
908 4314 998 4376 rebus,
1018 4313 1060 4366 ita
1078 4329 1112 4366 ne
1131 4311 1160 4364 in
1184 4312 1238 4364 hac
1257 4310 1371 4379 quidem
1390 4320 1471 4362 aaran·
1542 4361 1543 4366 ,

204 4405 321 4460 tientem
339 4406 434 4460 habet.
454 4405 526 4460 conf.
546 4424 614 4459 mus.
634 4405 720 4459 Rhen.
740 4405 835 4458 XXVI.
855 4422 880 4472 p.
903 4405 942 4458 10.
963 4420 987 4456 a.
1009 4405 1032 4456 1.

294 4497 315 4566 ⁴)
335 4496 412 4550 Conf.
432 4495 599 4566 Schwegleri
617 4495 682 4549 hist.
702 4495 779 4549 Rom.
799 4495 832 4548 ll.
852 4494 911 4549 689.

877 5003 1543 5064 ⁴...---*---———-----*⁴⁴l
