3208 5072
746 273 958 338 -36,Ι

212 451 354 512 16611666
383 452 505 533 capitur
516 450 536 530 1)
562 487 602 494 —-
627 457 732 512 tamen
761 458 904 532 respectu
930 451 1046 512 indolis
1074 451 1210 513 auctoris
1238 451 1288 512 cui
1313 469 1389 511 num
1414 449 1511 512 fides

212 555 356 618 habenda
380 558 421 619 sit
443 558 558 618 iterirm
580 555 761 638 iterumque
785 555 997 618 dubitavimus
1020 557 1121 638 magis
1141 574 1176 618 eo
1192 556 1323 618 inclinat
1338 557 1509 618 sententia

213 666 250 723 nt
275 661 385 724 fictum
414 681 483 724 esse
510 662 569 724 hoo
591 663 716 724 facinus
740 661 872 723 credam.
920 661 1067 744 Superest
1089 667 1125 724 ut
1148 682 1244 724 unam
1268 681 1333 724 rem
1357 659 1512 724 breviter

213 787 366 830 moneam.
413 766 585 850 Postquam
610 769 695 828 enim
718 769 833 850 captivi
858 767 990 830 Romani
1015 766 1135 830 Staium
1160 767 1332 829 Minacium
1356 768 1395 828 ad
1419 787 1511 829 con-

213 877 314 938 sulem
343 882 527 958 rapuerunt,
556 881 743 937 revocantur
771 895 806 937 eo
835 877 975 938 tumultu
1003 877 1104 959 prima
1127 875 1316 938 Samnitium
1345 877 1435 958 signa
1470 881 1511 937 et

214 1003 320 1066 pugna
344 989 522 1046 renovatur.
561 983 650 1045 ldem
673 983 709 1045 fit
732 989 867 1046 exeunte
891 985 992 1065 eapite
1008 982 1104 1045 XIX:
1129 983 1173 1044 ibi
1196 985 1377 1045 interventu
1398 982 1507 1045 Gellii

213 1091 372 1174 paulisper
409 1092 570 1155 recruduit
604 1111 718 1174 pugna.
778 1089 878 1164 Quam
914 1111 979 1152 rem
1016 1090 1054 1152 ob
1090 1110 1158 1153 earn
1192 1093 1330 1152 maxime
1364 1110 1507 1154 causam

216 1197 371 1278 adnotavi,
397 1198 480 1280 quod
505 1216 541 1259 66
564 1199 730 1280 scriptores
751 1198 913 1258 annalium
931 1202 966 1259 nt
982 1217 1077 1280 quam
1093 1198 1292 1278 longissimas
1310 1196 1508 1259 exhiberent

213 1323 392 1386 pugnarum
427 1303 651 1385 descriptiones
686 1303 794 1365 solitos
829 1322 897 1366 osse
932 1303 1095 1386 complura
1127 1304 1210 1365 inter
1244 1321 1277 1364 66
1308 1308 1507 1366 connectere

213 1412 331 1494 proelia
355 1410 625 1492 demonstratur2).
644 1449 685 1455 —
702 1411 775 1474 Jarn
799 1411 1001 1494 supersedere
1024 1430 1153 1493 possum
1177 1409 1306 1474 uberius
1330 1410 1505 1493 deprimis

214 1521 375 1602 sequentis
404 1518 508 1599 (XXI)
533 1520 643 1602 6661116
670 1519 875 1602 paragraphis
904 1518 1076 1602 disputare,
1105 1538 1178 1581 cum
1206 1538 1302 1602 supra
1328 1519 1392 1580 iam
1420 1538 1504 1581 con-

214 1646 343 1690 sensum
370 1628 453 1689 inter
480 1627 565 1689 hunc
593 1627 697 1689 locum
726 1633 755 1689 et
782 1627 910 1689 initium
938 1627 1048 1709 capitis
1072 1625 1186 1689 XVIII
1213 1631 1337 1688 tantum
1367 1645 1436 1688 esse
1461 1634 1504 1690 ut

216 1733 355 1797 diversos
379 1739 521 1796 auctores
545 1752 597 1796 eos
613 1734 697 1796 16666
714 1734 937 1816 conscripsisse
954 1734 1095 1795 conicere
1110 1752 1175 1794 non
1193 1734 1293 1813 116661,
1318 1733 1372 1796 661
1387 1736 1502 1816 potius

162 1888 167 1898 .
213 1839 296 1903 Liuii
324 1861 428 1905 errore
456 1841 564 1922 verba,
593 1842 631 1904 de
659 1841 775 1924 quibus
804 1841 908 1924 agitur
930 1842 963 1902 in
988 1823 1088 1924 capite
1109 1840 1224 1903 XVIII
1247 1843 1363 1924 scripta
1386 1847 1503 1905 extare

215 1953 387 2014 statuerim.
448 1951 518 2014 Hoc
553 1952 680 2014 demum
715 1951 784 2012 loco
818 1955 901 2014 recte
936 1949 997 2012 dici
1031 1955 1164 2033 possunt
1197 1950 1312 2013 Umbri
1346 1957 1375 2013 et
1411 1951 1501 2014 Galli

214 2059 371 2123 sollicitati
410 2061 444 2121 in
479 2065 580 2122 castra
618 2058 808 2121 Samnitium
843 2059 1028 2122 convenisse
1063 2063 1093 2121 et
1126 2060 1194 2142 ipse
1228 2059 1337 2122 Livius
1372 2060 1497 2124 verbis:

213 2172 296 2250 apost
339 2167 508 2230 deductum
552 2167 624 2229 inde
662 2165 913 2229 Volumnianum
958 2168 1144 2229 exercitum«
1181 2168 1318 2250 priorem
1356 2187 1499 2231 errorem

214 2277 368 2358 corrigere
399 2276 532 2338 videtur.
590 2272 676 2349 Quae
710 2274 822 2336 deinde
854 2279 1023 2336 narrantur
1056 2274 1093 2336 de
1125 2281 1243 2336 terrore
1266 2273 1384 2337 Rornae
1417 2283 1497 2358 orto,

214 2383 252 2445 16
280 2385 401 2465 justitio
434 2383 565 2462 indicto,
603 2383 641 2445 de
665 2383 779 2445 dilectu
813 2383 915 2444 omnis
947 2384 1071 2464 generis
1104 2383 1268 2445 hominum
1301 2382 1422 2464 habito,
1458 2385 1497 2448 de

214 2490 353 2552 consiliis
376 2488 465 2552 urbis
490 2488 713 2570 defendendae,
742 2509 778 2552 66
800 2509 949 2572 magnam
971 2509 1046 2572 prae
1069 2509 1102 2552 66
1125 2490 1230 2552 ferunt
1254 2490 1495 2554 similitudinem

217 2615 289 2658 cum
312 2596 423 2678 primis
446 2597 649 2678 paragraphis
673 2597 781 2680 capitis
806 2597 917 2679 quarti.

305 2703 378 2766 Jam
400 2723 474 2766 vero
497 2705 691 2788 paragrapho
714 2703 876 2767 undioima
899 2705 1008 2786 capitis
1025 2701 1109 2766 XXI
1132 2706 1259 2766 tertium
1277 2705 1351 2767 belli
1367 2705 1490 2770 Etrusci

213 2812 460 2893 ingravescentis
483 2809 523 2893 {fit
551 2812 668 2874 mentio
697 2818 727 2874 et
755 2831 827 2874 oum
855 2816 976 2894 gentes,
1005 2829 1085 2893 quae
1113 2809 1146 2872 id
1175 2811 1359 2875 conciebant
1384 2815 1494 2878 eodem

216 2917 356 2997 6611663)
381 2919 552 2982 recensitae
576 2921 725 3000 6161666
749 2938 853 3001 supra,
872 2919 944 3000 jure
968 2918 1104 3001 quodam
1129 2919 1265 2980 conicias
1282 2920 1418 2982 eundem
1436 2922 1495 2983 hoo

214 3026 282 3088 1666
298 3029 442 3087 nostrum
458 3027 548 3107 sequi
563 3026 689 3088 fontem.
718 3023 779 3088 Sed
795 3027 822 3088 si
839 3025 1021 3108 diligentius
1037 3027 1133 3088 totius
1148 3027 1336 3088 narrationis
1352 3032 1495 3092 tenorem

215 3137 246 3194 et
270 3150 350 3213 quae
378 3131 583 3214 sequentibus
616 3131 770 3215 capitibus
804 3135 1005 3196 continentur
1032 3135 1261 3196 examinaveris
1289 3152 1351 3195 non
1383 3133 1495 3198 dubito

216 3239 293 3322 6616
323 3239 405 3300 hanc
433 3237 613 3302 abiecturus
642 3241 685 3302 sis
711 3241 905 3302 sententiam.
952 3239 982 3302 N
985 3261 1035 3303 am
1060 3259 1140 3323 6666
1162 3240 1236 3303 1616
1260 3261 1278 3303 6
1300 3243 1496 3325 paragrapho

219 3346 387 3408 undecima
406 3347 516 3429 capitis
532 3345 616 3408 XXI
633 3346 769 3410 debello
785 3346 918 3410 Etrusco
934 3353 1111 3428 narrantur,
1135 3349 1178 3410 ita
1193 3348 1340 3410 interiore
1357 3349 1494 3431 quodam

308 3645 326 3712 ¹)
346 3643 453 3700 Arrian.
473 3645 505 3698 V.
528 3645 567 3699 18.

305 3731 326 3800 2)
347 3731 464 3802 Singula
493 3735 629 3800 quaedam
657 3733 704 3787 hic
732 3737 888 3788 annectam.
936 3735 1051 3804 Legitur
1079 3753 1138 3803 cap.
1155 3737 1189 3790 20
1217 3739 1233 3804 ἓ
1256 3737 1298 3789 10:
1339 3735 1494 3801 „Samnites

214 3823 318 3889 praeda
340 3821 468 3890 impediti
490 3822 675 3891 infrequentis
699 3823 814 3888 armati,
835 3840 898 3891 pars
927 3825 1027 3878 addere
1051 3825 1194 3894 gradum.“
1239 3825 1356 3880 Locutio
1378 3827 1495 3892 „addere

215 3912 358 3980 gradum“‚
392 3921 431 3962 ter
465 3917 602 3980 quantum
635 3912 764 3982 equidem
796 3913 876 3967 video
908 3915 984 3983 apud
1011 3913 1119 3968 Livium
1148 3915 1300 3969 invenitur:
1342 3917 1388 3968 111.
1407 3918 1448 3968 27.
1470 3919 1493 3970 7.

215 4003 247 4054 X.
263 4001 305 4054 ⁶20.
328 4003 366 4055 10.
397 4001 494 4055 XXVI.
514 4003 538 4055 9.
560 4004 582 4054 5.
612 4001 719 4056 Pluries
739 4006 768 4056 61
786 4001 907 4071 primum
926 4004 981 4072 (III.
993 4004 1036 4071 27)
1056 4006 1084 4056 61
1103 4003 1219 4056 tertium
1238 4004 1344 4075 (XXVI.
1356 4007 1381 4075 9)
1401 4005 1494 4059 locum

215 4089 335 4144 laudari.
355 4123 388 4130 —
409 4091 477 4144 Cum
500 4092 591 4146 verbis
617 4092 821 4160 „infrequentes
845 4093 961 4147 armati¹⁴
990 4125 1024 4132 -
1048 4111 1132 4163 supra
1156 4094 1186 4148 in
1211 4097 1226 4164 ᾖ
1246 4096 1262 4149 8
1286 4094 1408 4164 ejusdem
1432 4113 1493 4166 oap-

215 4178 284 4232 dioit
304 4183 411 4233 noster:
440 4180 631 4250 infrequentia
649 4181 764 4234 armatis
783 4181 865 4252 signa
883 4215 916 4221 -
937 4200 1110 4252 comparem:
1130 4183 1185 4237 XL.
1205 4184 1247 4238 33.
1268 4187 1296 4238 6:
1329 4185 1419 4252 „quod
1437 4203 1493 4239 non

215 4284 271 4320 uno
300 4267 411 4336 agmine
438 4287 490 4322 nec
518 4270 554 4322 ad
582 4269 663 4338 signa
690 4270 849 4338 frequentes
877 4270 1042 4325 veniebant“
1065 4288 1146 4338 quem
1165 4272 1258 4326 locum
1277 4273 1418 4343 Ungerus,
1448 4274 1492 4328 die

215 4361 282 4409 rom.
303 4356 420 4421 Quellen
441 4363 493 4412 661.
514 4377 539 4426 p.
559 4359 609 4412 158
628 4359 739 4413 Antiati
757 4360 866 4414 tribuit.

306 4448 327 4516 3)
346 4447 427 4500 Hunc
446 4448 574 4517 gentium
594 4448 719 4503 ordinem
737 4450 813 4503 haud
832 4451 913 4520 parvi
932 4469 990 4506 6666
1009 4452 1146 4506 momenti
1160 4452 1233 4506 infra
1248 4471 1311 4507 curu
1326 4455 1360 4510 de
1375 4454 1490 4510 aliorum

216 4534 384 4607 scriptorum
403 4537 572 4592 testimoniis
592 4538 751 4610 disputabo,
772 4539 927 4611 apparebit.
