3134 5082
712 218 930 287 u.5g„.

184 394 235 464 vel
257 401 467 486 ignorantiam
492 406 631 488 sapiunt,
656 423 737 487 quae
760 403 798 466 de
822 404 855 466 Ρ.
872 403 969 467 Decio
992 404 1058 468 filio
1081 407 1251 468 memoriae
1274 399 1467 489 produntur.

183 509 265 572 Nam
299 511 383 594 quod
417 518 525 575 auctor
552 510 684 576 Decium
717 514 750 574 in
783 514 855 575 sinu
888 513 980 576 vallis
1013 532 1198 596 oppressum
1230 532 1263 576 00
1297 513 1469 576 devovisse

183 623 297 699 narrat,
321 621 389 682 sine
412 619 507 683 dubio
531 621 607 684 haec
630 622 754 704 scripsit
777 621 947 703 respiciens
963 619 1045 684 Livii
1068 623 1193 705 septimi
1209 621 1282 684 libri
1298 627 1399 705 caput
1418 623 1467 700 34,
1551 688 1552 691 ,

185 744 246 806 quo
275 725 312 788 A.
339 724 501 789 Cornelius
531 725 646 790 Cossus
679 727 790 790 consul
824 729 997 790 exercitum
1024 729 1149 790 incaute
1176 729 1210 790 10
1239 728 1355 790 saltum
1389 746 1468 790 cara

184 833 266 895 valle
300 835 443 916 pervium
477 835 642 897 induxisse
677 835 871 918 audaciaque
903 835 937 897 P.
961 833 1050 898 Decii
1084 837 1181 918 patris
1216 840 1359 898 servatus
1400 855 1466 898 0000

183 940 304 1004 dicitur.
356 941 457 1016 Quem
491 962 627 1006 errorem
660 948 815 1025 quantum
847 943 993 1026 equidem
1021 945 1085 1006 0010
1115 963 1207 1006 nemo
1236 950 1306 1006 ante
1335 963 1393 1006 me
1425 945 1462 1006 sir·

184 1049 378 1130 explanavit,
407 1068 442 1112 eo
471 1055 576 1113 autem
600 1050 672 1132 plus
695 1048 811 1112 laboris
835 1051 895 1110 viri
918 1049 1000 1112 docti
1023 1051 1057 1110 in
1081 1048 1223 1112 sananda
1246 1050 1348 1134 prima
1372 1070 1463 1132 para-

182 1155 309 1237 grapho,
336 1175 399 1238 qua
414 1156 558 1238 singulae
572 1161 680 1239 gentes
696 1167 929 1236 enumerantur,
945 1154 1180 1237 consumebant,
1196 1160 1232 1218 ut
1247 1153 1462 1218 diversitatem

183 1282 263 1344 quae
286 1268 333 1325 est
355 1265 437 1326 inter
458 1265 593 1346 primam
617 1270 647 1325 et
668 1264 838 1326 secundam
853 1263 1084 1346 paragraphum
1101 1263 1251 1327 tollerent.
1290 1263 1461 1346 Propterea

183 1375 283 1451 erant,
316 1373 371 1454 qui
402 1390 566 1454 perperam
599 1372 730 1433 omissos
764 1390 831 1434 esse
855 1371 961 1434 Gallos
994 1377 1157 1434 censerent
1190 1391 1226 1434 ac
1256 1370 1460 1434 scribendum

184 1495 251 1540 esse
278 1478 470 1540 conicerent:
510 1475 691 1541 »Samnium
716 1476 874 1560 Gallique<
903 1483 938 1540 ut
965 1475 1225 1558 Bteiusheimius,
1252 1478 1302 1540 vel
1330 1479 1458 1561 »reliqui

184 1582 341 1666 Gallique<
374 1590 408 1646 ut
431 1582 586 1648 Dukerus.
638 1583 699 1647 Sed
732 1603 858 1667 operam
890 1585 1093 1668 perdidertmt
1116 1586 1148 1646 hi
1172 1586 1232 1647 viri
1256 1585 1351 1666 docti,
1387 1605 1455 1648 nam

184 1690 326 1752 consrdto
350 1688 479 1752 Florum
503 1690 609 1753 Gallos
633 1693 784 1771 arrisisse,
809 1697 843 1753 ut
867 1711 1002 1774 quorum
1025 1709 1075 1754 res
1098 1697 1202 1774 gestas
1226 1692 1325 1775 capite
1349 1699 1450 1755 octavo

184 1796 376 1878 absolvisset,
400 1798 525 1860 levitate
548 1805 653 1860 autem
677 1799 821 1880 sequenti
842 1799 1037 1882 paragrapho
1061 1798 1099 1860 de
1115 1803 1263 1880 quattuor
1278 1799 1455 1882 agminibus

183 1902 339 1967 balbutire
362 1904 551 1984 Kohlerus1)
579 1906 658 1968 mihi
685 1907 848 1988 persuasit.
901 1905 962 1968 Sed
989 1906 1048 1968 hoc
1075 1906 1139 1968 illis
1161 1906 1238 1968 viris
1266 1906 1405 1968 concedo
1427 1907 1457 1967 in

182 2012 267 2075 fonte
291 2012 375 2076 Flori
400 2012 562 2076 Gallorum
593 2033 709 2077 nomen
741 2033 777 2076 eo
810 2016 844 2076 in
878 2034 973 2098 quem
1005 2014 1165 2076 intrudere
1197 2013 1360 2094 volebant,
1389 2015 1456 2076 loro

184 2121 324 2182 extitisse
356 2125 386 2183 et
417 2121 494 2202 baec
526 2126 573 2182 est
605 2140 701 2183 causa
728 2140 785 2182 cur
813 2121 850 2183 de
878 2121 936 2182 hac
964 2139 997 2183 re
1024 2121 1149 2202 egerim.
1200 2119 1373 2182 Enucleavi
1399 2120 1455 2180 bar

183 2229 418 2291 ratiocinatione
443 2228 585 2290 ordinem
608 2228 798 2311 populorum
820 2229 854 2290 iu
878 2229 962 2291 tonte
985 2227 1069 2290 Flori
1092 2227 1178 2290 hunc
1199 2227 1309 2290 fuisse:
1334 2226 1455 2290 numu

185 2334 296 2398 Umbri
331 2335 487 2398 Samnites
523 2335 612 2398 Galli.
675 2336 775 2419 Atqui
815 2337 842 2398 si
877 2341 1002 2419 reputas
1038 2336 1122 2418 apud
1155 2333 1282 2398 Livium
1315 2336 1455 2418 gentium

182 2444 312 2505 nomina
350 2444 383 2504 in
423 2443 521 2504 alium
561 2443 702 2505 ordinem
743 2443 861 2526 digesta
895 2442 1005 2523 tuisse,
1043 2461 1136 2525 porro
1171 2443 1205 2502 in
1240 2439 1324 2503 11011
1359 2442 1455 2524 capite

182 2551 298 2614 multas
333 2570 382 2613 res
416 2569 579 2634 perversas
614 2556 644 2614 et
679 2571 697 2612 a
729 2550 761 2612 T.
784 2549 867 2613 Livii
901 2551 1080 2613 narratione
1115 2550 1232 2614 0110000
1266 2549 1341 2631 legi,
1376 2557 1455 2612 certe

183 2660 260 2721 mihi
287 2642 415 2741 neganti
438 2658 567 2722 Florum
590 2657 679 2722 Livio
703 2660 771 2742 ipso
799 2659 857 2720 hac
883 2660 918 2720 10
945 2664 1033 2742 parte
1061 2678 1156 2721 usum
1183 2677 1247 2719 000
1271 2656 1455 2739 obloqueris.

245 2803 247 2806 -
271 2764 385 2828 Nescio
409 2786 448 2828 00
474 2766 525 2828 hic
552 2767 592 2828 sit
615 2766 747 2828 idoneus
770 2766 858 2828 locus
882 2765 1017 2827 breviter
1040 2763 1221 2844 adnotandi,
1244 2782 1300 2826 cur
1322 2780 1363 2824 nc
1384 2781 1456 2825 eum

184 2874 326 2957 quidem,
342 2915 344 2919 -
359 2875 414 2956 qui
447 2873 560 2936 decimi
592 2872 665 2935 libri
697 2873 863 2957 perioches
898 2872 1031 2936 confecit
1065 2878 1137 2935 ante
1172 2871 1278 2934 oculos
1312 2870 1455 2933 habuisse

184 2984 289 3064 ipsum
326 3001 404 3064 opus
435 2980 604 3043 Liuianum
637 2979 776 3042 arbitrer.
836 2978 867 3042 N
869 3000 919 3042 am
951 2985 987 3042 ut
1022 2979 1267 3063 praetermittam
1301 2978 1377 3041 alias
1408 2997 1453 3040 res

183 3109 295 3172 parum
319 3088 485 3171 diligenter
508 3089 666 3171 expositas
674 3087 707 3167 ²),
731 3088 824 3149 etiarn
847 3087 898 3149 hic
919 3087 1004 3149 idem
1027 3087 1217 3170 populorum
1240 3085 1315 3148 ordo
1336 3086 1453 3168 legitur,
1552 3116 1553 3119 ¹

184 3215 278 3279 quem
311 3195 394 3277 apud
422 3193 551 3257 Florum
578 3195 767 3257 invenimus.
812 3192 959 3256 Conferas
988 3213 1103 3276 quaeso
1131 3193 1208 3255 baec
1235 3191 1332 3253 verba
1364 3192 1453 3274 epito

184 3304 326 3366 materis:
353 3301 432 3365 Cum
456 3302 607 3366 adversus
630 3301 801 3374 Etruscos,
820 3301 968 3374 Umbros,
988 3299 1165 3374 Samnites,
1184 3299 1300 3364 Gallos
1315 3297 1349 3360 P.
1362 3295 1452 3360 Decio

184 3416 214 3472 et
250 3407 406 3484 01000
441 3408 576 3472 ducibus
610 3413 804 3492 pugnaretur
838 3429 905 3492 sqq.
963 3408 1011 3471 Ac
1047 3408 1133 3491 quod
1167 3409 1352 3491 epitomator
1386 3405 1451 3468 dicit

184 3522 293 3579 contra
326 3521 475 3598 quattuor
506 3515 637 3598 populos
671 3516 815 3579 eonsules
849 3515 1026 3594 dimicasse,
1058 3514 1132 3576 inde
1163 3514 1263 3576 nolim
1291 3511 1448 3574 concludas

180 3612 343 3707 ‘quendam
380 3641 490 3684 eorum
523 3627 700 3703 auctorum,
738 3625 792 3706 qui
826 3626 973 3705 quattuor
1004 3621 1136 3704 populos
1167 3639 1292 3704 pugnae
1324 3619 1455 3682 adfuisse

184 3731 353 3793 memoriae
376 3729 590 3812 prodiderant,
619 3731 743 3792 esseio
767 3749 860 3792 usum
884 3733 1043 3807 vocatum,
1071 3729 1126 3791 sed
1148 3729 1252 3810 potius
1276 3728 1456 3812 epitomator

185 3839 283 3900 nimio
310 3856 360 3900 res
384 3837 589 3899 contrahendi
613 3837 716 3899 studio
740 3841 914 3899 commotus
939 3853 1007 3898 esse
1030 3835 1167 3916 videtur,
1194 3839 1231 3897 ut
1254 3835 1313 3896 hac
1336 3833 1455 3896 dicendi

184 3945 305 4007 ratione
327 3949 475 4006 uteretur.

280 4227 299 4294 ¹)
319 4225 347 4279 F.
368 4224 398 4280 Ε.
418 4225 533 4279 Kbhler:
571 4225 784 4280 Observationes
808 4224 923 4280 criticae
945 4224 975 4278 in
999 4221 1112 4279 Junium
1135 4221 1247 4279 Florum
1269 4221 1339 4278 Dias.
1363 4222 1457 4292 inaug.

186 4315 312 4384 thting.
335 4315 402 4368 1865
421 4334 448 4386 p.
467 4317 506 4370 13.

275 4403 296 4472 ²)
316 4421 338 4458 e.
359 4421 385 4472 g.
413 4405 504 4472 legem
531 4405 564 4458 de
592 4405 792 4474 provocatione
821 4423 838 4458 a
864 4405 981 4459 Murena
1009 4406 1123 4460 consule
1150 4405 1186 4458 ad
1212 4404 1349 4473 populum
1371 4400 1458 4454 latam

186 4509 243 4546 0000
262 4492 339 4546 11011.
