3216 5082
669 263 887 322 „31-

133 459 226 502 nexu
251 460 323 502 cum
347 443 447 524 capite
461 440 562 502 XXII
586 441 759 520 cohaerent,
784 443 818 501 ut
842 439 947 500 divelli
972 435 1010 498 ab
1030 455 1065 497 eo
1083 455 1145 496 non
1163 437 1296 518 possint3
1323 438 1417 517 atque

132 565 212 608 cum
237 549 336 629 capite
353 547 452 610 XXII
475 549 602 610 tertium
619 546 735 609 Fabius
758 545 903 629 repudiet
926 545 1134 622 consulatum,
1160 561 1253 624 quem
1278 543 1417 604 maxime

133 653 291 715 suadente
318 654 490 717 Volumnio
523 655 597 717 huic
624 655 692 716 viro
720 653 855 716 Romani
887 659 961 714 sunt
994 650 1187 730 mandaturi,
1215 655 1282 711 tum
1311 653 1417 710 autem

132 761 230 822 illum
263 763 480 844 magistratum
513 763 663 844 suscipiat
694 767 724 824 et
752 760 791 823 ad
819 760 1012 843 poscendum
1039 756 1173 820 Decium
1205 756 1355 838 collegam
1383 774 1416 817 se

132 873 253 949 vertat,
281 888 373 950 porro
402 888 473 930 cum
500 868 586 930 Ilabii
615 871 713 932 oratio
741 886 929 950 magnopere
958 886 1031 929 cum
1059 884 1095 927 ea
1124 883 1219 947 quam
1244 883 1307 946 cap.
1332 861 1415 925 XIII

132 973 233 1036 habet
256 978 421 1059 conspiret,
446 977 586 1038 conclusi
609 975 683 1038 iude
707 975 933 1059 aparagrapho
954 972 1121 1035 undecima
1137 990 1172 1033 eo
1188 970 1273 1033 fonte
1289 970 1415 1033 Livium
1492 959 1494 969 ’

133 1101 233 1144 nsum
266 1102 334 1146 esse
366 1085 456 1146 cuius
491 1090 650 1146 auctorem
683 1103 756 1146 crnn
790 1082 827 1144 de
860 1080 1014 1164 capitibus
1038 1077 1121 1140 XIII
1141 1083 1179 1140 -et
1207 1076 1415 1139 XII—XVII

132 1187 340 1252 edissererem
374 1209 425 1253 me
458 1193 610 1273 reperisse
643 1189 784 1256 arbitror.
841 1188 985 1268 Accedit,
1019 1186 1103 1270 quod
1132 1185 1216 1248 haud
1244 1184 1414 1247 verisimile

133 1295 263 1358 videtur
295 1297 430 1360 eundem
463 1304 634 1377 auctorem,
668 1317 749 1380 quae
776 1297 869 1380 paulo
899 1301 990 1357 antea
1018 1300 1143 1357 narrata
1171 1299 1272 1374 erant,
1304 1293 1413 1374 paucis

134 1404 339 1486 paragraphis
362 1393 440 1488 post
456 1407 570 1467 Iterum
594 1403 770 1487 legentibus
792 1404 999 1487 proposuisse.

225 1509 293 1573 Iam
325 1531 399 1575 roro
433 1531 625 1594 quamquam
658 1513 773 1574 multos
805 1513 890 1573 viros
918 1509 997 1571 mihi
1025 1528 1088 1572 non
1118 1527 1300 1570 assensuros
1328 1508 1413 1570 haud

130 1617 265 1699 ignore,¹
279 1623 382 1680 tamen
405 1619 481 1702 quid
497 1639 537 1681 ex
554 1621 599 1680 eis
616 1638 696 1702 quae
712 1620 807 1681 variis
823 1619 900 1681 locis
916 1617 1073 1700 disputavi
1091 1619 1242 1698 sequatur
1257 1633 1413 1698 exponere

129 1723 245 1786 audac.
286 1723 364 1786 (lum
389 1727 549 1809 decapite
573 1727 663 1788 tertio
687 1725 808 1787 decimo
832 1743 965 1808 agarem,
989 1729 1019 1786 et
1042 1742 1059 1785 e
1082 1722 1186 1785 verbis
1202 1727 1253 1785 »ut
1270 1742 1413 1806 quaeque

128 1833 217 1893 intro
241 1839 351 1894 vocata
378 1839 444 1894 erat
471 1836 626 1896 centuria«
655 1833 759 1916 colligi
786 1851 878 1916 posse
902 1831 1037 1894 dicerem
1061 1837 1219 1893 auctorem
1242 1827 1324 1890 Livii
1347 1848 1412 1890 non

130 1939 213 2001 illud
229 1945 353 2022 tempus
370 1958 432 2022 quo
449 1941 724 2023 exercih1s»quasi
741 1945 827 2002 stans
843 1941 877 2000 in
893 1940 958 2001 acie
975 1943 1128 2001 armatus«
1139 1936 1159 2016 1)
1175 1937 1211 1998 in
1226 1936 1411 2019 suffragium

131 2045 289 2127 discessit,
321 2049 486 2130 respicere,
519 2048 645 2110 laudavi
674 2053 767 2130 caput
791 2045 904 2108 XVIII
931 2045 1005 2108 libri
1034 2043 1150 2127 quinti,
1183 2063 1246 2126 quo
1275 2045 1408 2106 eundem

128 2151 251 2214 fontem
268 2151 393 2216 Livium
417 2162 489 2218 ante
512 2156 618 2217 oculos
642 2153 789 2216 habuisse
806 2156 982 2237 suspicatus
999 2172 1077 2216 sum.
1117 2149 1200 2212 Nam
1216 2149 1251 2212 P.
1269 2151 1410 2215 Licinius

131 2258 263 2342 Calvus
298 2269 334 2324 ut
366 2283 461 2345 supra
491 2265 557 2344 jam
591 2260 728 2324 breviter
762 2264 907 2345 exposui,
944 2279 1038 2343 quem
1072 2261 1314 2341 »praerogativa«
1345 2281 1407 2323 non

132 2371 288 2448 petentem
312 2368 476 2431 t1ibuuum
495 2370 632 2431 militum
649 2369 773 2433 creabat
789 2369 895 2432 eodem
914 2369 977 2430 fere
992 2367 1085 2430 modo
1103 2385 1165 2448 quo
1181 2367 1271 2428 tertio
1289 2367 1408 2430 decimo

138 2475 235 2555 capiis
265 2478 366 2538 nost1i
398 2474 470 2538 libri
503 2474 632 2558 Fabius,
664 2480 850 2561 priusquam
883 2475 1000 2540 tribuni
1035 2474 1294 2537 renuntiarentur
1326 2476 1409 2556 »jure

134 2583 249 2644 vocatis
278 2583 449 2664 tribubus«,
479 2593 557 2663 orat,
586 2602 626 2646 ne
654 2603 687 2646 se
716 2590 815 2648 aetate
843 2586 1019 2647 contectum
1047 2579 1212 2644 tribunum
1236 2581 1408 2662 reficerent,

130 2685 185 2748 sed
208 2687 273 2750 filio
298 2709 354 2760 suo
380 2691 528 2753 honorem
552 2691 747 2753 mandarent.
788 2691 848 2754 Sed
873 2693 933 2752 viri
957 2691 1040 2753 docti
1065 2691 1148 2772 quod
1172 2691 1226 2752 illo
1243 2688 1276 2751 P.
1293 2688 1407 2753 LIcinii

128 2799 269 2876 tempore
297 2834 338 2842 —
369 2818 451 2861 anno
475 2820 504 2861 u.
529 2818 553 2860 c.
579 2799 642 2860 358
672 2836 713 2842 -—
742 2817 805 2860 non
833 2797 1062 2881 praerogativa,
1091 2797 1144 2858 sed
1172 2799 1407 2879 praerogativae

126 2903 160 2962 in
195 2902 379 2986 suffraqum
412 2907 527 2968 missae
555 2911 670 2984 essent,
704 2922 762 2967 nec
790 2911 845 2968 aut
872 2911 954 2968 sorte
982 2909 1036 2964 aut
1059 2904 1131 2983 jure
1154 2909 1282 2965 vocatae
1305 2903 1406 2967 tribus

123 3010 211 3070 inter
239 3027 273 3071 se
301 3013 416 3093 opponi
439 3017 579 3094 possent,
608 3018 677 3074 tum
702 3013 786 3094 quod
809 3013 952 3075 nondum
976 3011 1086 3074 ordine
1110 3012 1309 3074 comitiorum
1334 3031 1405 3074 cen-

123 3117 316 3178 turiatorum
343 3123 533 3182 commutato
562 3139 619 3182 nec
647 3121 767 3182 ratione
793 3121 877 3183 inter
904 3119 1005 3182 tribus
1034 3125 1064 3182 et
1092 3121 1250 3182 centurias
1273 3121 1405 3182 interce·
1470 3203 1473 3210 ἱ

123 3225 220 3286 dente
255 3225 316 3286 dici
350 3233 454 3306 posset
488 3229 621 3289 »vocatis
656 3226 827 3308 tribubus«,
862 3229 948 3290 hunc
981 3230 1087 3292 locum
1120 3232 1302 3310 corruptum
1337 3247 1404 3290 esse

123 3331 269 3394 arbitatri
301 3339 375 3394 sunt
408 3339 437 3394 et
466 3335 518 3396 alii
548 3336 637 3397 aliter
664 3353 737 3396 eum
766 3353 878 3397 sanare
906 3336 1095 3398 studuerunt
1103 3333 1134 3415 ²).
1186 3334 1280 3397 Fines
1308 3337 1403 3398 huius

122 3437 354 3501 dissertationis
379 3440 570 3521 excederem,
595 3443 621 3503 si
646 3441 683 3503 de
707 3442 841 3523 singulis
860 3441 1132 3504 emendationibus
1148 3443 1234 3524 large
1250 3443 1403 3504 disserere

122 3544 248 3624 vellem,
272 3545 326 3608 sed
350 3547 381 3608 id
405 3566 517 3609 moneo
542 3565 650 3609 omnes
675 3549 730 3629 qui
745 3548 831 3610 hunc
846 3551 1001 3632 corrigere
1015 3550 1170 3630 volebant,
1194 3551 1279 3612 viros
1296 3549 1402 3613 doctos

120 3653 158 3712 iu
192 3669 227 3713 eo
261 3671 376 3733 errare,
410 3655 493 3736 quod
522 3654 686 3716 annalium
715 3656 880 3737 scriptores
910 3676 989 3739 quos
1012 3655 1122 3720 Livius
1150 3659 1184 3719 ln
1212 3659 1270 3719 hac
1299 3660 1401 3740 operis

122 3758 176 3819 sui
198 3763 286 3840 parte
310 3765 437 3822 secutus
461 3766 516 3841 est,
539 3761 702 3823 historiam
725 3763 770 3822 ita
793 3764 1016 3844 conscripsisse
1040 3763 1241 3844 arbitrantur,
1264 3770 1300 3826 ut
1319 3767 1400 3846 juris

121 3864 243 3948 publici
271 3867 346 3928 satis
374 3869 464 3950 periti
495 3868 533 3929 ad
562 3868 621 3930 hoc
643 3889 761 3931 munus
785 3870 974 3932 accederent.
1021 3869 1152 3933 Retineo
1175 3873 1272 3954 igitur
1296 3872 1399 3934 locum

120 4045 336 4053 ——-—-—..

216 4167 234 4234 ¹)
254 4166 311 4219 Liv.
331 4167 427 4220 XXIV.
448 4168 471 4221 8.
494 4170 533 4222 18.

214 4256 235 4324 ²)
255 4255 384 4309 Conibras
408 4261 576 4326 apparatum
597 4257 725 4311 criticum
743 4259 974 4322 Weissenbornii3
998 4264 1144 4328 praeterea
1163 4259 1397 4328 Marquardtiunr:

122 4343 279 4397 Handbuch
307 4345 332 4398 d.
360 4349 428 4398 rbnr.
457 4346 628 4400 Altertiimer
650 4347 683 4400 Il.
704 4348 727 4402 3.
747 4349 764 4400 4
787 4366 811 4400 a.
838 4349 877 4400 ll.
929 4347 1028 4416 Langii
1056 4349 1252 4417 compendium
1275 4350 1313 4401 112
1336 4351 1396 4414 465,

61 4498 65 4504 .
121 4432 340 4487 Weissenbornii
359 4433 509 4489 catlitionem
529 4434 677 4488 maiorem4
696 4437 738 4488 ad.
758 4437 785 4490 h.
804 4437 831 4499 1,,
852 4437 1019 4492 Soltavium:
1041 4438 1130 4492 Ueber
1144 4437 1322 4507 Entstehung
1341 4439 1397 4490 und

123 4521 403 4592 Znsammensetzuug
422 4525 470 4578 der
488 4526 596 4578 ultrbnr.
618 4524 953 4596 Volksversammlungen.
991 4527 1083 4580 Berlin
1105 4527 1171 4581 1880
1191 4548 1217 4597 p.
1234 4529 1286 4582 363
1305 4546 1329 4581 a.
1349 4531 1373 4581 4.
