<?xml version="1.0" encoding="UTF-8"?>
<!DOCTYPE html PUBLIC "-//W3C//DTD XHTML 1.0 Transitional//EN"
    "http://www.w3.org/TR/xhtml1/DTD/xhtml1-transitional.dtd">
<html xmlns="http://www.w3.org/1999/xhtml" xml:lang="en" lang="en">
 <head>
  <title>
</title>
<meta http-equiv="Content-Type" content="text/html;charset=utf-8" />
  <meta name='ocr-system' content='tesseract 3.04.00' />
  <meta name='ocr-capabilities' content='ocr_page ocr_carea ocr_par ocr_line ocrx_word'/>
</head>
<body>
  <div class='ocr_page' id='page_1' title='image "./dedecimiliviili00klingoog_0078.png"; bbox 0 0 3134 5082; ppageno 0'>
   <div class='ocr_carea' id='block_1_1' title="bbox 622 255 840 318">
    <p class='ocr_par' dir='ltr' id='par_1_1' title="bbox 622 255 840 318">
     <span class='ocr_line' id='line_1_1' title="bbox 622 255 840 318; baseline 0 -16"><span class='ocrx_word' id='word_1_1' title='bbox 622 255 840 318; x_wconf 42' lang='lat'>*69⁴</span> 
     </span>
    </p>
   </div>
   <div class='ocr_carea' id='block_1_2' title="bbox 84 427 1374 1164">
    <p class='ocr_par' dir='ltr' id='par_1_2' title="bbox 85 427 1374 732">
     <span class='ocr_line' id='line_1_2' title="bbox 87 427 1374 522; baseline -0.002 -21"><span class='ocrx_word' id='word_1_2' title='bbox 87 443 199 522; x_wconf 88' lang='lat' dir='ltr'>captos</span> <span class='ocrx_word' id='word_1_3' title='bbox 222 429 281 501; x_wconf 87' lang='lat' dir='ltr'>sub</span> <span class='ocrx_word' id='word_1_4' title='bbox 300 439 415 520; x_wconf 85' lang='lat' dir='ltr'>jugum</span> <span class='ocrx_word' id='word_1_5' title='bbox 437 437 561 500; x_wconf 82' lang='lat' dir='ltr'>misisse</span> <span class='ocrx_word' id='word_1_6' title='bbox 584 442 615 500; x_wconf 88' lang='lat' dir='ltr'>et</span> <span class='ocrx_word' id='word_1_7' title='bbox 637 436 801 499; x_wconf 79' lang='lat' dir='ltr'>dimisisse.</span> <span class='ocrx_word' id='word_1_8' title='bbox 848 435 987 498; x_wconf 87' lang='lat' dir='ltr'>Alterius</span> <span class='ocrx_word' id='word_1_9' title='bbox 1010 436 1150 500; x_wconf 85' lang='lat' dir='ltr'>consulis</span> <span class='ocrx_word' id='word_1_10' title='bbox 1168 429 1201 498; x_wconf 82' lang='lat' dir='ltr'>L</span> <span class='ocrx_word' id='word_1_11' title='bbox 1218 427 1374 498; x_wconf 86' lang='lat' dir='ltr'>Postmnii</span> 
     </span>
     <span class='ocr_line' id='line_1_3' title="bbox 86 539 1373 628; baseline -0.003 -20"><span class='ocrx_word' id='word_1_12' title='bbox 86 545 219 628; x_wconf 81' lang='lat' dir='ltr'>Megelli</span> <span class='ocrx_word' id='word_1_13' title='bbox 235 546 352 628; x_wconf 88' lang='lat' dir='ltr'>quippe</span> <span class='ocrx_word' id='word_1_14' title='bbox 369 544 423 626; x_wconf 91' lang='lat' dir='ltr'>qni</span> <span class='ocrx_word' id='word_1_15' title='bbox 440 543 560 606; x_wconf 86' lang='lat' dir='ltr'>tardius</span> <span class='ocrx_word' id='word_1_16' title='bbox 573 541 612 606; x_wconf 92' lang='lat' dir='ltr'>ab</span> <span class='ocrx_word' id='word_1_17' title='bbox 626 542 702 606; x_wconf 89' lang='lat' dir='ltr'>urbe</span> <span class='ocrx_word' id='word_1_18' title='bbox 715 543 827 605; x_wconf 85' lang='lat' dir='ltr'>exierit</span> <span class='ocrx_word' id='word_1_19' title='bbox 838 547 869 604; x_wconf 92' lang='lat' dir='ltr'>et</span> <span class='ocrx_word' id='word_1_20' title='bbox 880 547 949 606; x_wconf 75' lang='lat' dir='ltr'>trun</span> <span class='ocrx_word' id='word_1_21' title='bbox 960 541 1055 606; x_wconf 89' lang='lat' dir='ltr'>urbes</span> <span class='ocrx_word' id='word_1_22' title='bbox 1067 542 1187 625; x_wconf 81' lang='lat' dir='ltr'>aliquot</span> <span class='ocrx_word' id='word_1_23' title='bbox 1197 543 1232 604; x_wconf 91' lang='lat' dir='ltr'>in</span> <span class='ocrx_word' id='word_1_24' title='bbox 1244 539 1373 604; x_wconf 82' lang='lat' dir='ltr'>Samnio</span> 
     </span>
     <span class='ocr_line' id='line_1_4' title="bbox 85 647 1372 732; baseline -0.003 -18"><span class='ocrx_word' id='word_1_25' title='bbox 85 659 116 714; x_wconf 89' lang='lat' dir='ltr'>et</span> <span class='ocrx_word' id='word_1_26' title='bbox 141 671 217 714; x_wconf 91' lang='lat' dir='ltr'>cum</span> <span class='ocrx_word' id='word_1_27' title='bbox 233 651 277 714; x_wconf 93' lang='lat' dir='ltr'>ibi</span> <span class='ocrx_word' id='word_1_28' title='bbox 294 651 425 714; x_wconf 90' lang='lat' dir='ltr'>materia</span> <span class='ocrx_word' id='word_1_29' title='bbox 440 649 518 712; x_wconf 90' lang='lat' dir='ltr'>belli</span> <span class='ocrx_word' id='word_1_30' title='bbox 533 650 663 730; x_wconf 83' lang='lat' dir='ltr'>deesset,</span> <span class='ocrx_word' id='word_1_31' title='bbox 687 651 719 712; x_wconf 95' lang='lat' dir='ltr'>in</span> <span class='ocrx_word' id='word_1_32' title='bbox 736 647 864 712; x_wconf 79' lang='lat' dir='ltr'>Etruria</span> <span class='ocrx_word' id='word_1_33' title='bbox 884 650 1009 732; x_wconf 76' lang='lat' dir='ltr'>ceperit,</span> <span class='ocrx_word' id='word_1_34' title='bbox 1032 648 1122 712; x_wconf 92' lang='lat' dir='ltr'>nulla</span> <span class='ocrx_word' id='word_1_35' title='bbox 1136 647 1172 712; x_wconf 94' lang='lat' dir='ltr'>fit</span> <span class='ocrx_word' id='word_1_36' title='bbox 1187 650 1313 712; x_wconf 91' lang='lat' dir='ltr'>mentio.</span> <span class='ocrx_word' id='word_1_37' title='bbox 1332 685 1372 694; x_wconf 98' lang='lat'><em>-</em></span> 
     </span>
    </p>

    <p class='ocr_par' dir='ltr' id='par_1_3' title="bbox 84 754 1373 1164">
     <span class='ocr_line' id='line_1_5' title="bbox 184 754 1372 836; baseline -0.001 -15"><span class='ocrx_word' id='word_1_38' title='bbox 184 756 286 833; x_wconf 80' lang='lat' dir='ltr'>Quem</span> <span class='ocrx_word' id='word_1_39' title='bbox 314 759 348 820; x_wconf 95' lang='lat' dir='ltr'>in</span> <span class='ocrx_word' id='word_1_40' title='bbox 378 757 425 820; x_wconf 93' lang='lat' dir='ltr'>his</span> <span class='ocrx_word' id='word_1_41' title='bbox 453 757 536 820; x_wconf 91' lang='lat' dir='ltr'>inter</span> <span class='ocrx_word' id='word_1_42' title='bbox 558 755 684 820; x_wconf 84' lang='lat' dir='ltr'>Livium</span> <span class='ocrx_word' id='word_1_43' title='bbox 709 761 739 818; x_wconf 91' lang='lat' dir='ltr'>et</span> <span class='ocrx_word' id='word_1_44' title='bbox 762 754 915 818; x_wconf 89' lang='lat' dir='ltr'>Zonaram</span> <span class='ocrx_word' id='word_1_45' title='bbox 939 757 1035 820; x_wconf 90' lang='lat' dir='ltr'>statui</span> <span class='ocrx_word' id='word_1_46' title='bbox 1058 774 1260 836; x_wconf 72' lang='lat' dir='ltr'>consensum,</span> <span class='ocrx_word' id='word_1_47' title='bbox 1288 755 1372 820; x_wconf 89' lang='lat' dir='ltr'>idem</span> 
     </span>
     <span class='ocr_line' id='line_1_6' title="bbox 85 863 1373 950; baseline -0.002 -21"><span class='ocrx_word' id='word_1_48' title='bbox 85 868 185 929; x_wconf 88' lang='lat' dir='ltr'>etiarn</span> <span class='ocrx_word' id='word_1_49' title='bbox 207 867 241 929; x_wconf 91' lang='lat' dir='ltr'>in</span> <span class='ocrx_word' id='word_1_50' title='bbox 266 866 402 950; x_wconf 81' lang='lat' dir='ltr'>proximi</span> <span class='ocrx_word' id='word_1_51' title='bbox 426 866 503 928; x_wconf 87' lang='lat' dir='ltr'>anni</span> <span class='ocrx_word' id='word_1_52' title='bbox 526 865 733 948; x_wconf 84' lang='lat' dir='ltr'>descriptione</span> <span class='ocrx_word' id='word_1_53' title='bbox 749 864 916 927; x_wconf 82' lang='lat' dir='ltr'>invenitur.</span> <span class='ocrx_word' id='word_1_54' title='bbox 950 863 1045 927; x_wconf 86' lang='lat' dir='ltr'>Grato</span> <span class='ocrx_word' id='word_1_55' title='bbox 1060 863 1205 927; x_wconf 87' lang='lat' dir='ltr'>fortunae</span> <span class='ocrx_word' id='word_1_56' title='bbox 1219 863 1373 928; x_wconf 92' lang='lat' dir='ltr'>beneficio</span> 
     </span>
     <span class='ocr_line' id='line_1_7' title="bbox 85 967 1372 1054; baseline -0.002 -19"><span class='ocrx_word' id='word_1_57' title='bbox 85 973 212 1054; x_wconf 85' lang='lat' dir='ltr'>accidit,</span> <span class='ocrx_word' id='word_1_58' title='bbox 236 978 273 1036; x_wconf 89' lang='lat' dir='ltr'>ut</span> <span class='ocrx_word' id='word_1_59' title='bbox 296 973 346 1034; x_wconf 92' lang='lat' dir='ltr'>hic</span> <span class='ocrx_word' id='word_1_60' title='bbox 370 991 441 1034; x_wconf 89' lang='lat' dir='ltr'>cum</span> <span class='ocrx_word' id='word_1_61' title='bbox 466 970 587 1034; x_wconf 89' lang='lat' dir='ltr'>Zonara</span> <span class='ocrx_word' id='word_1_62' title='bbox 608 970 822 1054; x_wconf 80' lang='lat' dir='ltr'>fragmentum</span> <span class='ocrx_word' id='word_1_63' title='bbox 842 967 954 1033; x_wconf 91' lang='lat' dir='ltr'>Diouis</span> <span class='ocrx_word' id='word_1_64' title='bbox 978 1007 1019 1016; x_wconf 91' lang='lat'>--</span> <span class='ocrx_word' id='word_1_65' title='bbox 1045 971 1087 1032; x_wconf 84' lang='grc'>29</span> <span class='ocrx_word' id='word_1_66' title='bbox 1103 969 1196 1033; x_wconf 89' lang='lat' dir='ltr'>Diud.</span> <span class='ocrx_word' id='word_1_67' title='bbox 1223 1007 1263 1014; x_wconf 93' lang='lat'><em>-</em></span> <span class='ocrx_word' id='word_1_68' title='bbox 1289 989 1372 1033; x_wconf 81' lang='lat' dir='ltr'>conr-</span> 
     </span>
     <span class='ocr_line' id='line_1_8' title="bbox 84 1077 1371 1164; baseline -0.002 -22"><span class='ocrx_word' id='word_1_69' title='bbox 84 1082 194 1163; x_wconf 88' lang='lat' dir='ltr'>parari</span> <span class='ocrx_word' id='word_1_70' title='bbox 226 1082 340 1164; x_wconf 85' lang='lat' dir='ltr'>possit,</span> <span class='ocrx_word' id='word_1_71' title='bbox 374 1080 458 1163; x_wconf 91' lang='lat' dir='ltr'>qnod</span> <span class='ocrx_word' id='word_1_72' title='bbox 491 1080 528 1142; x_wconf 90' lang='lat' dir='ltr'>ad</span> <span class='ocrx_word' id='word_1_73' title='bbox 562 1077 695 1142; x_wconf 86' lang='lat' dir='ltr'>verbum</span> <span class='ocrx_word' id='word_1_74' title='bbox 727 1079 846 1161; x_wconf 86' lang='lat' dir='ltr'>pluries</span> <span class='ocrx_word' id='word_1_75' title='bbox 874 1097 947 1141; x_wconf 91' lang='lat' dir='ltr'>cum</span> <span class='ocrx_word' id='word_1_76' title='bbox 975 1079 1178 1161; x_wconf 90' lang='lat' dir='ltr'>epitomatore</span> <span class='ocrx_word' id='word_1_77' title='bbox 1207 1079 1371 1142; x_wconf 88' lang='lat' dir='ltr'>consentit.</span> 
     </span>
    </p>
   </div>
   <div class='ocr_carea' id='block_1_3' title="bbox 85 1187 1372 1899">
    <p class='ocr_par' dir='ltr' id='par_1_4' title="bbox 87 1187 586 1271">
     <span class='ocr_line' id='line_1_9' title="bbox 87 1187 586 1271; baseline -0.002 -21"><span class='ocrx_word' id='word_1_78' title='bbox 87 1187 242 1251; x_wconf 80' lang='lat' dir='ltr'>Conferas</span> <span class='ocrx_word' id='word_1_79' title='bbox 267 1207 384 1271; x_wconf 85' lang='lat' dir='ltr'>quaeso</span> <span class='ocrx_word' id='word_1_80' title='bbox 407 1188 464 1251; x_wconf 92' lang='lat' dir='ltr'>hos</span> <span class='ocrx_word' id='word_1_81' title='bbox 487 1188 586 1250; x_wconf 92' lang='lat' dir='ltr'>locos:</span> 
     </span>
    </p>

    <p class='ocr_par' dir='ltr' id='par_1_5' title="bbox 85 1285 1372 1899">
     <span class='ocr_line' id='line_1_10' title="bbox 121 1285 1372 1361; baseline -0.002 -17"><span class='ocrx_word' id='word_1_82' title='bbox 121 1291 177 1346; x_wconf 89' lang='lat' dir='ltr'>Dio</span> <span class='ocrx_word' id='word_1_83' title='bbox 191 1291 264 1361; x_wconf 71' lang='lat' dir='ltr'>flag.</span> <span class='ocrx_word' id='word_1_84' title='bbox 282 1291 323 1346; x_wconf 88' lang='lat'>36.</span> <span class='ocrx_word' id='word_1_85' title='bbox 334 1293 381 1345; x_wconf 81' lang='lat'>29:</span> <span class='ocrx_word' id='word_1_86' title='bbox 401 1287 427 1343; x_wconf 75' lang='grc' dir='ltr'>οἱ</span> <span class='ocrx_word' id='word_1_87' title='bbox 441 1292 572 1346; x_wconf 77' lang='grc' dir='ltr'>Σαυνῖται</span> <span class='ocrx_word' id='word_1_88' title='bbox 587 1290 704 1360; x_wconf 84' lang='grc' dir='ltr'><strong><em>ἀγανακ-</em></strong></span> <span class='ocrx_word' id='word_1_89' title='bbox 791 1289 923 1344; x_wconf 75' lang='lat' dir='ltr'>Zonaras:</span> <span class='ocrx_word' id='word_1_90' title='bbox 938 1291 1069 1341; x_wconf 77' lang='grc' dir='ltr'><strong><em>Σαυνῖται</em></strong></span> <span class='ocrx_word' id='word_1_91' title='bbox 1080 1285 1107 1342; x_wconf 82' lang='grc' dir='ltr'>δὲ</span> <span class='ocrx_word' id='word_1_92' title='bbox 1118 1287 1163 1342; x_wconf 77' lang='grc' dir='ltr'>ἐπὶ</span> <span class='ocrx_word' id='word_1_93' title='bbox 1172 1291 1228 1346; x_wconf 82' lang='grc' dir='ltr'><strong><em>τοῖς</em></strong></span> <span class='ocrx_word' id='word_1_94' title='bbox 1237 1288 1372 1359; x_wconf 74' lang='grc' dir='ltr'><strong><em>γεγονόσιν</em></strong></span> 
     </span>
     <span class='ocr_line' id='line_1_11' title="bbox 85 1373 1372 1450; baseline -0.002 -18"><span class='ocrx_word' id='word_1_95' title='bbox 85 1381 214 1449; x_wconf 79' lang='grc' dir='ltr'><strong><em>τὴσαντες</em></strong></span> <span class='ocrx_word' id='word_1_96' title='bbox 243 1379 288 1433; x_wconf 80' lang='grc' dir='ltr'>ἐπὶ</span> <span class='ocrx_word' id='word_1_97' title='bbox 316 1383 371 1436; x_wconf 78' lang='grc' dir='ltr'><strong><em>τοῖς</em></strong></span> <span class='ocrx_word' id='word_1_98' title='bbox 398 1380 533 1450; x_wconf 81' lang='grc' dir='ltr'><strong><em>γεγονόσιν</em></strong></span> <span class='ocrx_word' id='word_1_99' title='bbox 560 1385 605 1432; x_wconf 79' lang='grc' dir='ltr'><strong><em>καὶ</em></strong></span> <span class='ocrx_word' id='word_1_100' title='bbox 632 1379 704 1431; x_wconf 82' lang='grc' dir='ltr'><strong><em>ἀπα·</em></strong></span> <span class='ocrx_word' id='word_1_101' title='bbox 758 1378 991 1449; x_wconf 79' lang='grc' dir='ltr'><strong><em>ἀγανακτήσαντες</em></strong></span> <span class='ocrx_word' id='word_1_102' title='bbox 1008 1377 1074 1448; x_wconf 77' lang='grc' dir='ltr'><strong><em>πρὸς</em></strong></span> <span class='ocrx_word' id='word_1_103' title='bbox 1092 1378 1226 1430; x_wconf 83' lang='grc' dir='ltr'><strong><em>ἀπόνοιαν</em></strong></span> <span class='ocrx_word' id='word_1_104' title='bbox 1244 1373 1372 1449; x_wconf 78' lang='grc' dir='ltr'><strong><em>ὥρμησαν</em></strong></span> 
     </span>
     <span class='ocr_line' id='line_1_12' title="bbox 85 1465 1371 1540; baseline -0.002 -18"><span class='ocrx_word' id='word_1_105' title='bbox 85 1471 228 1533; x_wconf 80' lang='grc' dir='ltr'><strong><em>ξιιύοαντες</em></strong></span> <span class='ocrx_word' id='word_1_106' title='bbox 270 1469 315 1522; x_wconf 80' lang='grc' dir='ltr'>ἐπὶ</span> <span class='ocrx_word' id='word_1_107' title='bbox 355 1467 423 1522; x_wconf 79' lang='grc' dir='ltr'><strong><em>πολὺ</em></strong></span> <span class='ocrx_word' id='word_1_108' title='bbox 464 1469 602 1538; x_wconf 77' lang='grc' dir='ltr'><strong><em>ἡττᾶσθαι</em></strong></span> <span class='ocrx_word' id='word_1_109' title='bbox 637 1469 705 1540; x_wconf 82' lang='grc' dir='ltr'><strong><em>πρὸς</em></strong></span> <span class='ocrx_word' id='word_1_110' title='bbox 759 1468 793 1526; x_wconf 85' lang='grc' dir='ltr'>ὡς</span> <span class='ocrx_word' id='word_1_111' title='bbox 815 1466 833 1536; x_wconf 82' lang='grc' dir='ltr'><em>ἢ</em></span> <span class='ocrx_word' id='word_1_112' title='bbox 857 1469 1031 1540; x_wconf 73' lang='grc' dir='ltr'><strong><em>κρατήσοντες</em></strong></span> <span class='ocrx_word' id='word_1_113' title='bbox 1053 1465 1070 1530; x_wconf 82' lang='grc' dir='ltr'><em>ἢ</em></span> <span class='ocrx_word' id='word_1_114' title='bbox 1093 1466 1230 1524; x_wconf 79' lang='grc' dir='ltr'><strong><em>παντελῶς</em></strong></span> <span class='ocrx_word' id='word_1_115' title='bbox 1253 1466 1371 1521; x_wconf 77' lang='grc' dir='ltr'><strong><em>ἀπολού-</em></strong></span> 
     </span>
     <span class='ocr_line' id='line_1_13' title="bbox 87 1555 1371 1628; baseline 0 -18"><span class='ocrx_word' id='word_1_116' title='bbox 87 1556 311 1612; x_wconf 82' lang='grc' dir='ltr'><strong><em>όποιιινόόνενσιν</em></strong></span> <span class='ocrx_word' id='word_1_117' title='bbox 342 1564 387 1611; x_wconf 79' lang='grc' dir='ltr'><strong><em>καὶ</em></strong></span> <span class='ocrx_word' id='word_1_118' title='bbox 415 1559 482 1628; x_wconf 76' lang='grc' dir='ltr'><strong><em>πρὸς</em></strong></span> <span class='ocrx_word' id='word_1_119' title='bbox 501 1558 643 1612; x_wconf 80' lang='grc' dir='ltr'><strong><em>,ἀπόνοιαν</em></strong></span> <span class='ocrx_word' id='word_1_120' title='bbox 671 1557 704 1615; x_wconf 80' lang='grc' dir='ltr'>ὡς</span> <span class='ocrx_word' id='word_1_121' title='bbox 757 1577 833 1626; x_wconf 83' lang='grc' dir='ltr'><strong><em>μενοι</em></strong></span> <span class='ocrx_word' id='word_1_122' title='bbox 859 1557 985 1610; x_wconf 77' lang='grc' dir='ltr'><strong><em>θάνατον</em></strong></span> <span class='ocrx_word' id='word_1_123' title='bbox 1017 1555 1205 1625; x_wconf 76' lang='grc' dir='ltr'><strong><em>ἀπειλήσαντες</em></strong></span> <span class='ocrx_word' id='word_1_124' title='bbox 1234 1560 1270 1624; x_wconf 81' lang='grc' dir='ltr'>τῷ</span> <span class='ocrx_word' id='word_1_125' title='bbox 1302 1557 1371 1610; x_wconf 80' lang='grc' dir='ltr'><strong><em>οἴιιοι</em></strong></span> 
     </span>
     <span class='ocr_line' id='line_1_14' title="bbox 85 1644 891 1717; baseline 0 -18"><span class='ocrx_word' id='word_1_126' title='bbox 85 1645 145 1712; x_wconf 81' lang='grc' dir='ltr'><strong><em>ἤτοι</em></strong></span> <span class='ocrx_word' id='word_1_127' title='bbox 179 1648 356 1717; x_wconf 75' lang='grc' dir='ltr'><strong><em>κρατήσοντες</em></strong></span> <span class='ocrx_word' id='word_1_128' title='bbox 383 1644 399 1714; x_wconf 82' lang='grc' dir='ltr'><strong><em>ἢ</em></strong></span> <span class='ocrx_word' id='word_1_129' title='bbox 426 1647 563 1705; x_wconf 76' lang='grc' dir='ltr'><strong><em>παντελῶς</em></strong></span> <span class='ocrx_word' id='word_1_130' title='bbox 588 1646 704 1701; x_wconf 76' lang='grc' dir='ltr'><strong><em>ἀπολοό-</em></strong></span> <span class='ocrx_word' id='word_1_131' title='bbox 758 1649 891 1715; x_wconf 70' lang='grc' dir='ltr'><strong><em>μενοῦντα</em></strong></span> 
     </span>
     <span class='ocr_line' id='line_1_15' title="bbox 85 1733 704 1809; baseline 0.006 -21"><span class='ocrx_word' id='word_1_132' title='bbox 85 1756 164 1804; x_wconf 84' lang='grc' dir='ltr'><strong><em>μενοι</em></strong></span> <span class='ocrx_word' id='word_1_133' title='bbox 178 1733 307 1808; x_wconf 81' lang='grc' dir='ltr'><strong><em>ὥρμησαν</em></strong></span> <span class='ocrx_word' id='word_1_134' title='bbox 322 1737 448 1790; x_wconf 76' lang='grc' dir='ltr'><strong><em>θάνατον</em></strong></span> <span class='ocrx_word' id='word_1_135' title='bbox 461 1738 511 1806; x_wconf 79' lang='grc' dir='ltr'><strong><em>μὲν</em></strong></span> <span class='ocrx_word' id='word_1_136' title='bbox 527 1740 704 1809; x_wconf 74' lang='grc' dir='ltr'><strong><em>προείπαντες</em></strong></span> 
     </span>
     <span class='ocr_line' id='line_1_16' title="bbox 88 1821 574 1899; baseline 0 -21"><span class='ocrx_word' id='word_1_137' title='bbox 88 1821 160 1882; x_wconf 80' lang='grc' dir='ltr'><strong><em>ὅστις</em></strong></span> <span class='ocrx_word' id='word_1_138' title='bbox 178 1823 214 1878; x_wconf 78' lang='grc' dir='ltr'><strong><em>όν</em></strong></span> <span class='ocrx_word' id='word_1_139' title='bbox 233 1826 324 1879; x_wconf 73' lang='grc' dir='ltr'><strong><em>αὐτῶν</em></strong></span> <span class='ocrx_word' id='word_1_140' title='bbox 342 1826 410 1879; x_wconf 80' lang='grc' dir='ltr'><strong><em>οἴκοι</em></strong></span> <span class='ocrx_word' id='word_1_141' title='bbox 428 1829 574 1899; x_wconf 76' lang='grc' dir='ltr'><strong><em>καταμένῃ.</em></strong></span> 
     </span>
    </p>
   </div>
   <div class='ocr_carea' id='block_1_4' title="bbox 88 1915 1370 2325">
    <p class='ocr_par' dir='ltr' id='par_1_6' title="bbox 88 1915 1370 2325">
     <span class='ocr_line' id='line_1_17' title="bbox 178 1915 1368 2002; baseline 0.001 -22"><span class='ocrx_word' id='word_1_142' title='bbox 178 1917 231 1981; x_wconf 86' lang='lat' dir='ltr'>Ad</span> <span class='ocrx_word' id='word_1_143' title='bbox 259 1924 416 2001; x_wconf 90' lang='lat' dir='ltr'>postrema</span> <span class='ocrx_word' id='word_1_144' title='bbox 444 1917 539 1980; x_wconf 91' lang='lat' dir='ltr'>verba</span> <span class='ocrx_word' id='word_1_145' title='bbox 566 1919 723 2002; x_wconf 91' lang='lat' dir='ltr'>pertinent</span> <span class='ocrx_word' id='word_1_146' title='bbox 751 1935 832 2000; x_wconf 89' lang='lat' dir='ltr'>quae</span> <span class='ocrx_word' id='word_1_147' title='bbox 854 1915 964 1980; x_wconf 87' lang='lat' dir='ltr'>Livius</span> <span class='ocrx_word' id='word_1_148' title='bbox 993 1915 1120 1979; x_wconf 80' lang='lat' dir='ltr'>exhibet</span> <span class='ocrx_word' id='word_1_149' title='bbox 1142 1935 1207 2000; x_wconf 88' lang='lat' dir='ltr'>cap.</span> <span class='ocrx_word' id='word_1_150' title='bbox 1226 1919 1267 1980; x_wconf 89' lang='lat'>38</span> <span class='ocrx_word' id='word_1_151' title='bbox 1292 1917 1310 1999; x_wconf 66' lang='grc' dir='ltr'><strong>ξ</strong></span> <span class='ocrx_word' id='word_1_152' title='bbox 1335 1920 1368 1981; x_wconf 88' lang='grc'>3;</span> 
     </span>
     <span class='ocr_line' id='line_1_18' title="bbox 89 2024 1370 2110; baseline 0 -22"><span class='ocrx_word' id='word_1_153' title='bbox 89 2026 220 2089; x_wconf 79' lang='lat' dir='ltr'>»dilectu</span> <span class='ocrx_word' id='word_1_154' title='bbox 247 2045 303 2110; x_wconf 91' lang='lat' dir='ltr'>per</span> <span class='ocrx_word' id='word_1_155' title='bbox 331 2045 422 2088; x_wconf 91' lang='lat' dir='ltr'>omne</span> <span class='ocrx_word' id='word_1_156' title='bbox 446 2025 611 2089; x_wconf 79' lang='lat' dir='ltr'>Samnium</span> <span class='ocrx_word' id='word_1_157' title='bbox 639 2024 745 2089; x_wconf 90' lang='lat' dir='ltr'>habito</span> <span class='ocrx_word' id='word_1_158' title='bbox 774 2044 856 2088; x_wconf 87' lang='lat' dir='ltr'>nova</span> <span class='ocrx_word' id='word_1_159' title='bbox 883 2024 952 2107; x_wconf 86' lang='lat' dir='ltr'>lege</span> <span class='ocrx_word' id='word_1_160' title='bbox 980 2031 1017 2086; x_wconf 92' lang='lat' dir='ltr'>ut</span> <span class='ocrx_word' id='word_1_161' title='bbox 1040 2025 1096 2106; x_wconf 92' lang='lat' dir='ltr'>qui</span> <span class='ocrx_word' id='word_1_162' title='bbox 1118 2025 1281 2088; x_wconf 91' lang='lat' dir='ltr'>iuniorum</span> <span class='ocrx_word' id='word_1_163' title='bbox 1305 2045 1370 2088; x_wconf 94' lang='lat' dir='ltr'>non</span> 
     </span>
     <span class='ocr_line' id='line_1_19' title="bbox 89 2131 1370 2218; baseline 0.002 -23"><span class='ocrx_word' id='word_1_164' title='bbox 89 2136 289 2197; x_wconf 86' lang='lat' dir='ltr'>convenisset</span> <span class='ocrx_word' id='word_1_165' title='bbox 322 2134 360 2196; x_wconf 87' lang='lat' dir='ltr'>ad</span> <span class='ocrx_word' id='word_1_166' title='bbox 392 2135 618 2218; x_wconf 89' lang='lat' dir='ltr'>imperatorum</span> <span class='ocrx_word' id='word_1_167' title='bbox 651 2133 802 2216; x_wconf 88' lang='lat' dir='ltr'>edictum,</span> <span class='ocrx_word' id='word_1_168' title='bbox 836 2133 956 2217; x_wconf 92' lang='lat' dir='ltr'>quique</span> <span class='ocrx_word' id='word_1_169' title='bbox 983 2133 1108 2195; x_wconf 89' lang='lat' dir='ltr'>iniussn</span> <span class='ocrx_word' id='word_1_170' title='bbox 1138 2131 1254 2195; x_wconf 91' lang='lat' dir='ltr'>abisset</span> <span class='ocrx_word' id='word_1_171' title='bbox 1276 2141 1370 2217; x_wconf 89' lang='lat' dir='ltr'>capnt</span> 
     </span>
     <span class='ocr_line' id='line_1_20' title="bbox 88 2237 1368 2325; baseline -0.001 -21"><span class='ocrx_word' id='word_1_172' title='bbox 88 2241 161 2304; x_wconf 75' lang='lat' dir='ltr'>doni</span> <span class='ocrx_word' id='word_1_173' title='bbox 186 2249 375 2306; x_wconf 74' lang='lat' dir='ltr'>sacraretur«</span> <span class='ocrx_word' id='word_1_174' title='bbox 398 2263 465 2325; x_wconf 89' lang='lat' dir='ltr'>sqq.</span> <span class='ocrx_word' id='word_1_175' title='bbox 497 2241 663 2305; x_wconf 88' lang='lat' dir='ltr'>Praeterea</span> <span class='ocrx_word' id='word_1_176' title='bbox 685 2240 782 2304; x_wconf 90' lang='lat' dir='ltr'>verba</span> <span class='ocrx_word' id='word_1_177' title='bbox 805 2259 886 2324; x_wconf 90' lang='lat' dir='ltr'>qnae</span> <span class='ocrx_word' id='word_1_178' title='bbox 909 2245 1045 2303; x_wconf 86' lang='lat' dir='ltr'>exeunte</span> <span class='ocrx_word' id='word_1_179' title='bbox 1065 2240 1240 2322; x_wconf 83' lang='lat' dir='ltr'>fragmento</span> <span class='ocrx_word' id='word_1_180' title='bbox 1256 2237 1368 2304; x_wconf 93' lang='lat' dir='ltr'>Dionis</span> 
     </span>
    </p>
   </div>
   <div class='ocr_carea' id='block_1_5' title="bbox 88 2344 1370 2970">
    <p class='ocr_par' dir='ltr' id='par_1_7' title="bbox 88 2344 1370 2970">
     <span class='ocr_line' id='line_1_21' title="bbox 90 2344 1370 2434; baseline 0.004 -21"><span class='ocrx_word' id='word_1_181' title='bbox 90 2351 174 2432; x_wconf 92' lang='lat' dir='ltr'>quod</span> <span class='ocrx_word' id='word_1_182' title='bbox 203 2357 334 2414; x_wconf 88' lang='lat' dir='ltr'>aetatem</span> <span class='ocrx_word' id='word_1_183' title='bbox 362 2352 434 2414; x_wconf 92' lang='lat' dir='ltr'>tulit</span> <span class='ocrx_word' id='word_1_184' title='bbox 461 2352 624 2434; x_wconf 84' lang='lat' dir='ltr'>leguntur:</span> <span class='ocrx_word' id='word_1_185' title='bbox 658 2344 766 2434; x_wconf 78' lang='grc' dir='ltr'><strong><em>ὅρκοις</em></strong></span> <span class='ocrx_word' id='word_1_186' title='bbox 794 2357 875 2434; x_wconf 82' lang='grc' dir='ltr'><strong><em>σφᾶς</em></strong></span> <span class='ocrx_word' id='word_1_187' title='bbox 898 2345 1113 2434; x_wconf 65' lang='lat' dir='ltr'>ponderosa</span> <span class='ocrx_word' id='word_1_188' title='bbox 1136 2386 1177 2395; x_wconf 94' lang='lat'><em>-</em></span> <span class='ocrx_word' id='word_1_189' title='bbox 1201 2345 1370 2433; x_wconf 83' lang='grc' dir='ltr'><strong><em>φονεύσειν</em></strong></span> 
     </span>
     <span class='ocr_line' id='line_1_22' title="bbox 89 2455 1369 2542; baseline 0.001 -25"><span class='ocrx_word' id='word_1_190' title='bbox 89 2475 158 2518; x_wconf 89' lang='lat' dir='ltr'>curn</span> <span class='ocrx_word' id='word_1_191' title='bbox 189 2455 293 2524; x_wconf 83' lang='lat' dir='ltr'>Livio:</span> <span class='ocrx_word' id='word_1_192' title='bbox 333 2457 414 2520; x_wconf 85' lang='lat' dir='ltr'>»diro</span> <span class='ocrx_word' id='word_1_193' title='bbox 444 2457 581 2542; x_wconf 89' lang='lat' dir='ltr'>quodam</span> <span class='ocrx_word' id='word_1_194' title='bbox 610 2457 750 2520; x_wconf 85' lang='lat' dir='ltr'>carmine</span> <span class='ocrx_word' id='word_1_195' title='bbox 778 2494 818 2502; x_wconf 80' lang='lat'>—</span> <span class='ocrx_word' id='word_1_196' title='bbox 849 2457 1020 2540; x_wconf 88' lang='lat' dir='ltr'>composito</span> <span class='ocrx_word' id='word_1_197' title='bbox 1047 2455 1109 2518; x_wconf 90' lang='lat' dir='ltr'>nisi</span> <span class='ocrx_word' id='word_1_198' title='bbox 1138 2457 1277 2518; x_wconf 90' lang='lat' dir='ltr'>isset-</span> <span class='ocrx_word' id='word_1_199' title='bbox 1304 2476 1369 2519; x_wconf 92' lang='lat' dir='ltr'>non</span> 
     </span>
     <span class='ocr_line' id='line_1_23' title="bbox 89 2561 1369 2649; baseline 0.002 -24"><span class='ocrx_word' id='word_1_200' title='bbox 89 2565 246 2647; x_wconf 82' lang='lat' dir='ltr'>extemplo</span> <span class='ocrx_word' id='word_1_201' title='bbox 276 2565 453 2628; x_wconf 75' lang='lat' dir='ltr'>occidisset«</span> <span class='ocrx_word' id='word_1_202' title='bbox 476 2585 540 2649; x_wconf 89' lang='lat' dir='ltr'>cap.</span> <span class='ocrx_word' id='word_1_203' title='bbox 560 2567 601 2629; x_wconf 88' lang='grc'>38</span> <span class='ocrx_word' id='word_1_204' title='bbox 626 2565 644 2646; x_wconf 63' lang='grc' dir='ltr'>ξ</span> <span class='ocrx_word' id='word_1_205' title='bbox 671 2565 710 2627; x_wconf 89' lang='grc'>10</span> <span class='ocrx_word' id='word_1_206' title='bbox 735 2563 923 2628; x_wconf 77' lang='lat' dir='ltr'>conterenda</span> <span class='ocrx_word' id='word_1_207' title='bbox 945 2568 1027 2626; x_wconf 89' lang='lat' dir='ltr'>sunt.</span> <span class='ocrx_word' id='word_1_208' title='bbox 1078 2561 1201 2626; x_wconf 85' lang='lat' dir='ltr'>Deinde</span> <span class='ocrx_word' id='word_1_209' title='bbox 1225 2583 1307 2648; x_wconf 92' lang='lat' dir='ltr'>quae</span> <span class='ocrx_word' id='word_1_210' title='bbox 1331 2564 1369 2628; x_wconf 92' lang='lat' dir='ltr'>de</span> 
     </span>
     <span class='ocr_line' id='line_1_24' title="bbox 89 2666 1369 2759; baseline 0.005 -26"><span class='ocrx_word' id='word_1_211' title='bbox 89 2672 257 2735; x_wconf 91' lang='lat' dir='ltr'>consulum</span> <span class='ocrx_word' id='word_1_212' title='bbox 292 2672 386 2735; x_wconf 90' lang='lat' dir='ltr'>rebus</span> <span class='ocrx_word' id='word_1_213' title='bbox 420 2675 516 2756; x_wconf 82' lang='lat' dir='ltr'>gestis</span> <span class='ocrx_word' id='word_1_214' title='bbox 552 2673 690 2736; x_wconf 90' lang='lat' dir='ltr'>Zonaras</span> <span class='ocrx_word' id='word_1_215' title='bbox 725 2673 867 2755; x_wconf 84' lang='lat' dir='ltr'>exponit:</span> <span class='ocrx_word' id='word_1_216' title='bbox 907 2672 939 2737; x_wconf 89' lang='grc' dir='ltr'>οἱ</span> <span class='ocrx_word' id='word_1_217' title='bbox 974 2668 1002 2737; x_wconf 83' lang='lat' dir='ltr'>d&#39;</span> <span class='ocrx_word' id='word_1_218' title='bbox 1025 2666 1144 2740; x_wconf 77' lang='grc' dir='ltr'><strong><em>ὕπατοι</em></strong></span> <span class='ocrx_word' id='word_1_219' title='bbox 1179 2673 1297 2759; x_wconf 76' lang='grc' dir='ltr'><strong><em>ἔρημον</em></strong></span> <span class='ocrx_word' id='word_1_220' title='bbox 1330 2669 1369 2740; x_wconf 81' lang='grc' dir='ltr'><strong><em>όν</em></strong></span> 
     </span>
     <span class='ocr_line' id='line_1_25' title="bbox 90 2775 1367 2865; baseline -0.002 -19"><span class='ocrx_word' id='word_1_221' title='bbox 90 2787 296 2865; x_wconf 75' lang='grc' dir='ltr'><strong><em>στρατιωτῶν</em></strong></span> <span class='ocrx_word' id='word_1_222' title='bbox 323 2775 362 2848; x_wconf 89' lang='grc' dir='ltr'>τό</span> <span class='ocrx_word' id='word_1_223' title='bbox 382 2776 527 2848; x_wconf 75' lang='grc' dir='ltr'><strong><em>Σαύνιον</em></strong></span> <span class='ocrx_word' id='word_1_224' title='bbox 554 2776 720 2865; x_wconf 66' lang='grc' dir='ltr'><strong><em>ἐπόρθουν</em></strong></span> <span class='ocrx_word' id='word_1_225' title='bbox 742 2782 796 2846; x_wconf 81' lang='grc' dir='ltr'><strong><em>καὶ</em></strong></span> <span class='ocrx_word' id='word_1_226' title='bbox 818 2775 930 2856; x_wconf 82' lang='grc' dir='ltr'><strong><em>πόλεις</em></strong></span> <span class='ocrx_word' id='word_1_227' title='bbox 953 2775 1041 2848; x_wconf 73' lang='lat' dir='ltr'>eilde</span> <span class='ocrx_word' id='word_1_228' title='bbox 1063 2804 1152 2858; x_wconf 87' lang='grc' dir='ltr'><strong><em>τινας</em></strong></span> <span class='ocrx_word' id='word_1_229' title='bbox 1176 2780 1215 2842; x_wconf 89' lang='lat' dir='ltr'>ad</span> <span class='ocrx_word' id='word_1_230' title='bbox 1239 2782 1367 2845; x_wconf 91' lang='lat' dir='ltr'>initium</span> 
     </span>
     <span class='ocr_line' id='line_1_26' title="bbox 88 2886 1368 2970; baseline 0.003 -22"><span class='ocrx_word' id='word_1_231' title='bbox 88 2906 149 2970; x_wconf 90' lang='lat' dir='ltr'>cap.</span> <span class='ocrx_word' id='word_1_232' title='bbox 169 2889 226 2968; x_wconf 83' lang='lat'>39,</span> <span class='ocrx_word' id='word_1_233' title='bbox 257 2907 319 2970; x_wconf 93' lang='lat' dir='ltr'>quo</span> <span class='ocrx_word' id='word_1_234' title='bbox 349 2887 426 2950; x_wconf 91' lang='lat' dir='ltr'>dum</span> <span class='ocrx_word' id='word_1_235' title='bbox 454 2886 610 2951; x_wconf 84' lang='lat' dir='ltr'>Samnites</span> <span class='ocrx_word' id='word_1_236' title='bbox 637 2887 914 2970; x_wconf 85' lang='lat' dir='ltr'>superstitionibus</span> <span class='ocrx_word' id='word_1_237' title='bbox 943 2889 1061 2970; x_wconf 90' lang='lat' dir='ltr'>operati</span> <span class='ocrx_word' id='word_1_238' title='bbox 1090 2889 1222 2951; x_wconf 90' lang='lat' dir='ltr'>consilia</span> <span class='ocrx_word' id='word_1_239' title='bbox 1249 2902 1368 2953; x_wconf 89' lang='lat' dir='ltr'>secreta</span> 
     </span>
    </p>
   </div>
   <div class='ocr_carea' id='block_1_6' title="bbox 88 3043 1437 4643">
    <p class='ocr_par' dir='ltr' id='par_1_8' title="bbox 88 3043 1368 3396">
     <span class='ocr_line' id='line_1_27' title="bbox 89 3043 1367 3133; baseline 0.004 -20"><span class='ocrx_word' id='word_1_240' title='bbox 89 3061 223 3132; x_wconf 75' lang='grc' dir='ltr'><strong><em>ἔπραττον</em></strong></span> <span class='ocrx_word' id='word_1_241' title='bbox 245 3067 304 3118; x_wconf 92' lang='lat' dir='ltr'>tam</span> <span class='ocrx_word' id='word_1_242' title='bbox 328 3062 401 3115; x_wconf 89' lang='lat' dir='ltr'>male</span> <span class='ocrx_word' id='word_1_243' title='bbox 424 3062 534 3133; x_wconf 84' lang='lat' dir='ltr'>accepit</span> <span class='ocrx_word' id='word_1_244' title='bbox 553 3061 719 3116; x_wconf 79' lang='lat' dir='ltr'>Plutarchus</span> <span class='ocrx_word' id='word_1_245' title='bbox 743 3061 825 3131; x_wconf 90' lang='lat' dir='ltr'>hujus</span> <span class='ocrx_word' id='word_1_246' title='bbox 847 3062 903 3117; x_wconf 94' lang='lat' dir='ltr'>loci</span> <span class='ocrx_word' id='word_1_247' title='bbox 926 3043 1050 3127; x_wconf 72' lang='lat' dir='ltr'>sensum,¹</span> <span class='ocrx_word' id='word_1_248' title='bbox 1074 3066 1106 3118; x_wconf 90' lang='lat' dir='ltr'>nt</span> <span class='ocrx_word' id='word_1_249' title='bbox 1128 3067 1262 3128; x_wconf 84' lang='lat' dir='ltr'>verteret,</span> <span class='ocrx_word' id='word_1_250' title='bbox 1286 3064 1367 3133; x_wconf 88' lang='lat' dir='ltr'>quasi</span> 
     </span>
     <span class='ocr_line' id='line_1_28' title="bbox 89 3151 1368 3222; baseline 0.005 -20"><span class='ocrx_word' id='word_1_251' title='bbox 89 3151 243 3222; x_wconf 84' lang='lat' dir='ltr'>scripsisset</span> <span class='ocrx_word' id='word_1_252' title='bbox 257 3151 364 3205; x_wconf 88' lang='lat' dir='ltr'>Livius:</span> <span class='ocrx_word' id='word_1_253' title='bbox 384 3157 435 3220; x_wconf 82' lang='lat' dir='ltr'>qni</span> <span class='ocrx_word' id='word_1_254' title='bbox 451 3157 526 3205; x_wconf 81' lang='lat' dir='ltr'>sacri</span> <span class='ocrx_word' id='word_1_255' title='bbox 541 3151 658 3205; x_wconf 90' lang='lat' dir='ltr'>Jnnonis</span> <span class='ocrx_word' id='word_1_256' title='bbox 677 3151 706 3204; x_wconf 91' lang='lat' dir='ltr'>in</span> <span class='ocrx_word' id='word_1_257' title='bbox 726 3169 835 3205; x_wconf 90' lang='lat' dir='ltr'>summa</span> <span class='ocrx_word' id='word_1_258' title='bbox 848 3151 945 3221; x_wconf 87' lang='lat' dir='ltr'>inopia</span> <span class='ocrx_word' id='word_1_259' title='bbox 961 3151 1020 3206; x_wconf 86' lang='lat' dir='ltr'>cibo</span> <span class='ocrx_word' id='word_1_260' title='bbox 1037 3152 1259 3209; x_wconf 85' lang='lat' dir='ltr'>abstinebantur.</span> <span class='ocrx_word' id='word_1_261' title='bbox 1287 3153 1368 3208; x_wconf 87' lang='lat' dir='ltr'>Unde</span> 
     </span>
     <span class='ocr_line' id='line_1_29' title="bbox 88 3238 1368 3310; baseline 0.005 -19"><span class='ocrx_word' id='word_1_262' title='bbox 88 3238 211 3294; x_wconf 77' lang='lat' dir='ltr'>efficitur</span> <span class='ocrx_word' id='word_1_263' title='bbox 224 3238 333 3293; x_wconf 86' lang='lat' dir='ltr'>Livium</span> <span class='ocrx_word' id='word_1_264' title='bbox 351 3239 444 3309; x_wconf 89' lang='lat' dir='ltr'>ipsum</span> <span class='ocrx_word' id='word_1_265' title='bbox 463 3240 596 3294; x_wconf 89' lang='lat' dir='ltr'>hocloco</span> <span class='ocrx_word' id='word_1_266' title='bbox 617 3257 634 3292; x_wconf 90' lang='lat' dir='ltr'>a</span> <span class='ocrx_word' id='word_1_267' title='bbox 647 3239 799 3294; x_wconf 86' lang='lat' dir='ltr'>Plutarcho</span> <span class='ocrx_word' id='word_1_268' title='bbox 819 3258 877 3294; x_wconf 91' lang='lat' dir='ltr'>esse</span> <span class='ocrx_word' id='word_1_269' title='bbox 895 3244 1070 3310; x_wconf 89' lang='lat' dir='ltr'>usurpatum.</span> <span class='ocrx_word' id='word_1_270' title='bbox 1108 3242 1139 3293; x_wconf 92' lang='lat' dir='ltr'>ln</span> <span class='ocrx_word' id='word_1_271' title='bbox 1155 3241 1211 3294; x_wconf 90' lang='lat' dir='ltr'>alia</span> <span class='ocrx_word' id='word_1_272' title='bbox 1225 3243 1368 3297; x_wconf 87' lang='lat' dir='ltr'>sententia</span> 
     </span>
     <span class='ocr_line' id='line_1_30' title="bbox 91 3327 883 3396; baseline 0.004 -18"><span class='ocrx_word' id='word_1_273' title='bbox 91 3331 215 3382; x_wconf 88' lang='lat' dir='ltr'>versatur</span> <span class='ocrx_word' id='word_1_274' title='bbox 232 3327 433 3382; x_wconf 88' lang='lat' dir='ltr'>Mommsenns:</span> <span class='ocrx_word' id='word_1_275' title='bbox 453 3327 653 3396; x_wconf 81' lang='lat' dir='ltr'>Forsohungen</span> <span class='ocrx_word' id='word_1_276' title='bbox 671 3327 704 3380; x_wconf 91' lang='lat' dir='ltr'>II.</span> <span class='ocrx_word' id='word_1_277' title='bbox 725 3328 777 3381; x_wconf 82' lang='lat'>346</span> <span class='ocrx_word' id='word_1_278' title='bbox 797 3345 821 3381; x_wconf 92' lang='lat' dir='ltr'>a.</span> <span class='ocrx_word' id='word_1_279' title='bbox 842 3329 883 3382; x_wconf 84' lang='lat'>91.</span> 
     </span>
    </p>

    <p class='ocr_par' dir='ltr' id='par_1_9' title="bbox 89 3414 1437 4643">
     <span class='ocr_line' id='line_1_31' title="bbox 176 3414 1366 3487; baseline 0.006 -19"><span class='ocrx_word' id='word_1_280' title='bbox 176 3414 260 3469; x_wconf 85' lang='lat' dir='ltr'>Aliud</span> <span class='ocrx_word' id='word_1_281' title='bbox 290 3417 449 3485; x_wconf 80' lang='lat' dir='ltr'>exemplum</span> <span class='ocrx_word' id='word_1_282' title='bbox 472 3415 571 3470; x_wconf 89' lang='lat' dir='ltr'>erroris</span> <span class='ocrx_word' id='word_1_283' title='bbox 594 3433 611 3469; x_wconf 92' lang='lat' dir='ltr'>a</span> <span class='ocrx_word' id='word_1_284' title='bbox 634 3415 756 3470; x_wconf 84' lang='lat' dir='ltr'>Zonaras</span> <span class='ocrx_word' id='word_1_285' title='bbox 780 3419 893 3478; x_wconf 85' lang='lat' dir='ltr'>auctore</span> <span class='ocrx_word' id='word_1_286' title='bbox 917 3416 1058 3471; x_wconf 85' lang='lat' dir='ltr'>commissi</span> <span class='ocrx_word' id='word_1_287' title='bbox 1081 3435 1252 3487; x_wconf 90' lang='lat' dir='ltr'>quamquam</span> <span class='ocrx_word' id='word_1_288' title='bbox 1276 3419 1309 3472; x_wconf 90' lang='lat' dir='ltr'>de</span> <span class='ocrx_word' id='word_1_289' title='bbox 1332 3437 1366 3475; x_wconf 91' lang='lat' dir='ltr'>eo</span> 
     </span>
     <span class='ocr_line' id='line_1_32' title="bbox 92 3502 1437 3576; baseline 0.005 -21"><span class='ocrx_word' id='word_1_290' title='bbox 92 3502 216 3557; x_wconf 90' lang='lat' dir='ltr'>dubitare</span> <span class='ocrx_word' id='word_1_291' title='bbox 244 3503 326 3557; x_wconf 89' lang='lat' dir='ltr'>licere</span> <span class='ocrx_word' id='word_1_292' title='bbox 355 3504 489 3568; x_wconf 87' lang='lat' dir='ltr'>concedo,</span> <span class='ocrx_word' id='word_1_293' title='bbox 518 3507 613 3558; x_wconf 90' lang='lat' dir='ltr'>tamen</span> <span class='ocrx_word' id='word_1_294' title='bbox 640 3504 792 3574; x_wconf 83' lang='lat' dir='ltr'>proferam,</span> <span class='ocrx_word' id='word_1_295' title='bbox 820 3508 853 3559; x_wconf 91' lang='lat' dir='ltr'>ut</span> <span class='ocrx_word' id='word_1_296' title='bbox 876 3523 944 3558; x_wconf 89' lang='lat' dir='ltr'>num</span> <span class='ocrx_word' id='word_1_297' title='bbox 967 3504 1034 3574; x_wconf 92' lang='lat' dir='ltr'>quid</span> <span class='ocrx_word' id='word_1_298' title='bbox 1058 3505 1116 3560; x_wconf 90' lang='lat' dir='ltr'>veri</span> <span class='ocrx_word' id='word_1_299' title='bbox 1137 3505 1291 3560; x_wconf 89' lang='lat' dir='ltr'>invenerim</span> <span class='ocrx_word' id='word_1_300' title='bbox 1315 3508 1366 3562; x_wconf 88' lang='lat' dir='ltr'>viri</span> <span class='ocrx_word' id='word_1_301' title='bbox 1432 3561 1437 3576; x_wconf 71' lang='grc'>,</span> 
     </span>
     <span class='ocr_line' id='line_1_33' title="bbox 90 3589 1365 3664; baseline 0.009 -22"><span class='ocrx_word' id='word_1_302' title='bbox 90 3589 162 3644; x_wconf 89' lang='lat' dir='ltr'>docti</span> <span class='ocrx_word' id='word_1_303' title='bbox 181 3589 343 3645; x_wconf 85' lang='lat' dir='ltr'>diiudicent.</span> <span class='ocrx_word' id='word_1_304' title='bbox 373 3592 450 3646; x_wconf 89' lang='lat' dir='ltr'>Inter</span> <span class='ocrx_word' id='word_1_305' title='bbox 469 3609 564 3646; x_wconf 88' lang='lat' dir='ltr'>omnes</span> <span class='ocrx_word' id='word_1_306' title='bbox 584 3597 696 3647; x_wconf 81' lang='lat' dir='ltr'>constat</span> <span class='ocrx_word' id='word_1_307' title='bbox 714 3593 888 3647; x_wconf 86' lang='lat' dir='ltr'>notissimam</span> <span class='ocrx_word' id='word_1_308' title='bbox 906 3592 985 3646; x_wconf 92' lang='lat' dir='ltr'>illam</span> <span class='ocrx_word' id='word_1_309' title='bbox 1005 3594 1207 3660; x_wconf 83' lang='lat' dir='ltr'>narrationem,</span> <span class='ocrx_word' id='word_1_310' title='bbox 1227 3598 1365 3664; x_wconf 88' lang='lat' dir='ltr'>quamde</span> 
     </span>
     <span class='ocr_line' id='line_1_34' title="bbox 89 3677 1365 3751; baseline 0.007 -21"><span class='ocrx_word' id='word_1_311' title='bbox 89 3679 193 3733; x_wconf 88' lang='lat' dir='ltr'>somnio</span> <span class='ocrx_word' id='word_1_312' title='bbox 207 3677 374 3734; x_wconf 86' lang='lat' dir='ltr'>Hannibalis</span> <span class='ocrx_word' id='word_1_313' title='bbox 392 3679 422 3733; x_wconf 90' lang='lat' dir='ltr'>in</span> <span class='ocrx_word' id='word_1_314' title='bbox 441 3679 553 3734; x_wconf 88' lang='lat' dir='ltr'>Italiam</span> <span class='ocrx_word' id='word_1_315' title='bbox 568 3681 767 3751; x_wconf 86' lang='lat' dir='ltr'>proficiscentis</span> <span class='ocrx_word' id='word_1_316' title='bbox 782 3681 877 3736; x_wconf 81' lang='lat' dir='ltr'>Cicero</span> <span class='ocrx_word' id='word_1_317' title='bbox 891 3681 925 3734; x_wconf 91' lang='lat' dir='ltr'>de</span> <span class='ocrx_word' id='word_1_318' title='bbox 941 3681 1025 3736; x_wconf 78' lang='lat' dir='ltr'>divin.</span> <span class='ocrx_word' id='word_1_319' title='bbox 1041 3683 1060 3736; x_wconf 88' lang='lat'>1.</span> <span class='ocrx_word' id='word_1_320' title='bbox 1072 3683 1114 3748; x_wconf 85' lang='lat'>24,</span> <span class='ocrx_word' id='word_1_321' title='bbox 1134 3682 1226 3738; x_wconf 82' lang='lat' dir='ltr'>Livius</span> <span class='ocrx_word' id='word_1_322' title='bbox 1240 3684 1310 3738; x_wconf 89' lang='lat' dir='ltr'>XXI.</span> <span class='ocrx_word' id='word_1_323' title='bbox 1322 3685 1365 3749; x_wconf 88' lang='lat'>22,</span> 
     </span>
     <span class='ocr_line' id='line_1_35' title="bbox 94 3764 1365 3841; baseline 0.009 -24"><span class='ocrx_word' id='word_1_324' title='bbox 94 3764 210 3822; x_wconf 87' lang='lat' dir='ltr'>Zonaras</span> <span class='ocrx_word' id='word_1_325' title='bbox 229 3767 300 3822; x_wconf 89' lang='lat' dir='ltr'>VIII.</span> <span class='ocrx_word' id='word_1_326' title='bbox 320 3769 355 3822; x_wconf 88' lang='lat'>22</span> <span class='ocrx_word' id='word_1_327' title='bbox 373 3768 518 3832; x_wconf 84' lang='lat' dir='ltr'>exhibent,</span> <span class='ocrx_word' id='word_1_328' title='bbox 538 3788 555 3824; x_wconf 93' lang='lat' dir='ltr'>a</span> <span class='ocrx_word' id='word_1_329' title='bbox 573 3770 680 3824; x_wconf 89' lang='lat' dir='ltr'>Zonara</span> <span class='ocrx_word' id='word_1_330' title='bbox 698 3770 740 3824; x_wconf 89' lang='lat' dir='ltr'>ita</span> <span class='ocrx_word' id='word_1_331' title='bbox 756 3769 843 3834; x_wconf 86' lang='lat' dir='ltr'>reddi,</span> <span class='ocrx_word' id='word_1_332' title='bbox 862 3773 895 3823; x_wconf 91' lang='lat' dir='ltr'>ut</span> <span class='ocrx_word' id='word_1_333' title='bbox 913 3768 1028 3839; x_wconf 87' lang='lat' dir='ltr'>propius</span> <span class='ocrx_word' id='word_1_334' title='bbox 1048 3771 1083 3824; x_wconf 90' lang='lat' dir='ltr'>ad</span> <span class='ocrx_word' id='word_1_335' title='bbox 1102 3770 1262 3826; x_wconf 81' lang='lat' dir='ltr'>Ciceronem</span> <span class='ocrx_word' id='word_1_336' title='bbox 1280 3790 1365 3841; x_wconf 87' lang='lat' dir='ltr'>quarn</span> 
     </span>
     <span class='ocr_line' id='line_1_36' title="bbox 91 3856 1365 3932; baseline 0.005 -23"><span class='ocrx_word' id='word_1_337' title='bbox 91 3856 124 3908; x_wconf 82' lang='lat' dir='ltr'>ad</span> <span class='ocrx_word' id='word_1_338' title='bbox 141 3857 250 3912; x_wconf 81' lang='lat' dir='ltr'>Livium</span> <span class='ocrx_word' id='word_1_339' title='bbox 273 3859 398 3913; x_wconf 86' lang='lat' dir='ltr'>accedat.</span> <span class='ocrx_word' id='word_1_340' title='bbox 435 3857 476 3912; x_wconf 80' lang='lat' dir='ltr'>Eo</span> <span class='ocrx_word' id='word_1_341' title='bbox 494 3859 585 3930; x_wconf 80' lang='lat' dir='ltr'>magis</span> <span class='ocrx_word' id='word_1_342' title='bbox 604 3863 699 3914; x_wconf 88' lang='lat' dir='ltr'>autem</span> <span class='ocrx_word' id='word_1_343' title='bbox 718 3858 836 3923; x_wconf 87' lang='lat' dir='ltr'>mireris,</span> <span class='ocrx_word' id='word_1_344' title='bbox 862 3859 936 3928; x_wconf 91' lang='lat' dir='ltr'>qnod</span> <span class='ocrx_word' id='word_1_345' title='bbox 954 3859 983 3912; x_wconf 90' lang='lat' dir='ltr'>in</span> <span class='ocrx_word' id='word_1_346' title='bbox 1003 3860 1055 3913; x_wconf 90' lang='lat' dir='ltr'>fine</span> <span class='ocrx_word' id='word_1_347' title='bbox 1074 3858 1175 3913; x_wconf 91' lang='lat' dir='ltr'>somnii</span> <span class='ocrx_word' id='word_1_348' title='bbox 1193 3858 1269 3914; x_wconf 89' lang='lat' dir='ltr'>illins</span> <span class='ocrx_word' id='word_1_349' title='bbox 1289 3863 1365 3932; x_wconf 84' lang='lat' dir='ltr'>apud</span> 
     </span>
     <span class='ocr_line' id='line_1_37' title="bbox 95 3941 1365 4020; baseline 0.006 -24"><span class='ocrx_word' id='word_1_350' title='bbox 95 3942 224 4000; x_wconf 84' lang='lat' dir='ltr'>Zoneram</span> <span class='ocrx_word' id='word_1_351' title='bbox 239 3947 309 4001; x_wconf 85' lang='lat' dir='ltr'>haee</span> <span class='ocrx_word' id='word_1_352' title='bbox 322 3948 467 4018; x_wconf 80' lang='lat' dir='ltr'>leguntur:</span> <span class='ocrx_word' id='word_1_353' title='bbox 482 3941 515 4000; x_wconf 84' lang='grc' dir='ltr'><strong><em>Ὦ</em></strong></span> <span class='ocrx_word' id='word_1_354' title='bbox 529 3948 637 4019; x_wconf 77' lang='grc' dir='ltr'><strong><em>Ἀννίβα</em></strong></span> <span class='ocrx_word' id='word_1_355' title='bbox 654 3950 759 4001; x_wconf 73' lang='grc' dir='ltr'><strong><em>ταῦτα</em></strong></span> <span class='ocrx_word' id='word_1_356' title='bbox 777 3947 1060 4020; x_wconf 82' lang='grc' dir='ltr'><strong><em>σνμπορθὴσοντό</em></strong></span> <span class='ocrx_word' id='word_1_357' title='bbox 1079 3969 1129 3999; x_wconf 92' lang='grc' dir='ltr'>σοι</span> <span class='ocrx_word' id='word_1_358' title='bbox 1147 3947 1205 4014; x_wconf 78' lang='grc' dir='ltr'><strong><em>τὴν</em></strong></span> <span class='ocrx_word' id='word_1_359' title='bbox 1221 3947 1365 4004; x_wconf 71' lang='grc' dir='ltr'><strong><em>Ἰταλίαν</em></strong></span> 
     </span>
     <span class='ocr_line' id='line_1_38' title="bbox 95 4036 1365 4107; baseline 0.007 -21"><span class='ocrx_word' id='word_1_360' title='bbox 95 4052 207 4100; x_wconf 81' lang='grc' dir='ltr'><strong><em>ρχεται</em></strong></span> <span class='ocrx_word' id='word_1_361' title='bbox 237 4053 309 4105; x_wconf 89' lang='lat' dir='ltr'>quae</span> <span class='ocrx_word' id='word_1_362' title='bbox 343 4038 430 4091; x_wconf 90' lang='lat' dir='ltr'>verba</span> <span class='ocrx_word' id='word_1_363' title='bbox 456 4054 568 4107; x_wconf 88' lang='lat' dir='ltr'>prorsus</span> <span class='ocrx_word' id='word_1_364' title='bbox 596 4037 765 4093; x_wconf 88' lang='lat' dir='ltr'>dissentiunt</span> <span class='ocrx_word' id='word_1_365' title='bbox 792 4055 856 4092; x_wconf 88' lang='lat' dir='ltr'>cum</span> <span class='ocrx_word' id='word_1_366' title='bbox 880 4037 1011 4092; x_wconf 88' lang='lat' dir='ltr'>Cicerone</span> <span class='ocrx_word' id='word_1_367' title='bbox 1038 4036 1108 4090; x_wconf 90' lang='lat' dir='ltr'>haec</span> <span class='ocrx_word' id='word_1_368' title='bbox 1131 4036 1279 4092; x_wconf 82' lang='lat' dir='ltr'>referente:</span> <span class='ocrx_word' id='word_1_369' title='bbox 1319 4043 1365 4106; x_wconf 76' lang='lat' dir='ltr'>,et</span> 
     </span>
     <span class='ocr_line' id='line_1_39' title="bbox 90 4117 1364 4197; baseline 0.008 -24"><span class='ocrx_word' id='word_1_370' title='bbox 90 4117 174 4177; x_wconf 90' lang='lat' dir='ltr'>Deum</span> <span class='ocrx_word' id='word_1_371' title='bbox 195 4125 383 4194; x_wconf 86' lang='lat' dir='ltr'>respondisse:</span> <span class='ocrx_word' id='word_1_372' title='bbox 414 4126 577 4181; x_wconf 88' lang='lat' dir='ltr'>vastitatem</span> <span class='ocrx_word' id='word_1_373' title='bbox 599 4144 659 4182; x_wconf 85' lang='lat' dir='ltr'>esse</span> <span class='ocrx_word' id='word_1_374' title='bbox 677 4126 776 4182; x_wconf 84' lang='lat' dir='ltr'>Italiae</span> <span class='ocrx_word' id='word_1_375' title='bbox 805 4127 1033 4197; x_wconf 86' lang='lat' dir='ltr'>praecepisseque</span> <span class='ocrx_word' id='word_1_376' title='bbox 1061 4129 1094 4180; x_wconf 93' lang='lat' dir='ltr'>nt</span> <span class='ocrx_word' id='word_1_377' title='bbox 1125 4131 1268 4196; x_wconf 83' lang='lat' dir='ltr'>pergeret,</span> <span class='ocrx_word' id='word_1_378' title='bbox 1296 4129 1364 4197; x_wconf 89' lang='lat' dir='ltr'>quid</span> 
     </span>
     <span class='ocr_line' id='line_1_40' title="bbox 89 4213 1364 4285; baseline 0.005 -21"><span class='ocrx_word' id='word_1_379' title='bbox 89 4215 158 4267; x_wconf 88' lang='lat' dir='ltr'>retro</span> <span class='ocrx_word' id='word_1_380' title='bbox 185 4217 272 4284; x_wconf 89' lang='lat' dir='ltr'>atque</span> <span class='ocrx_word' id='word_1_381' title='bbox 299 4232 316 4268; x_wconf 94' lang='lat' dir='ltr'>a</span> <span class='ocrx_word' id='word_1_382' title='bbox 338 4219 419 4285; x_wconf 82' lang='lat' dir='ltr'>tergo</span> <span class='ocrx_word' id='word_1_383' title='bbox 442 4216 532 4276; x_wconf 79' lang='lat' dir='ltr'>fieret.</span> <span class='ocrx_word' id='word_1_384' title='bbox 560 4233 596 4270; x_wconf 90' lang='lat' dir='ltr'>ne</span> <span class='ocrx_word' id='word_1_385' title='bbox 618 4217 784 4271; x_wconf 78' lang='lat' dir='ltr'>laboraret.“</span> <span class='ocrx_word' id='word_1_386' title='bbox 823 4215 904 4269; x_wconf 88' lang='lat' dir='ltr'>Hunc</span> <span class='ocrx_word' id='word_1_387' title='bbox 924 4218 1019 4269; x_wconf 90' lang='lat' dir='ltr'>antem</span> <span class='ocrx_word' id='word_1_388' title='bbox 1038 4213 1190 4268; x_wconf 90' lang='lat' dir='ltr'>dissensum</span> <span class='ocrx_word' id='word_1_389' title='bbox 1209 4215 1252 4269; x_wconf 90' lang='lat' dir='ltr'>ita</span> <span class='ocrx_word' id='word_1_390' title='bbox 1270 4220 1364 4271; x_wconf 88' lang='lat' dir='ltr'>ortum</span> 
     </span>
     <span class='ocr_line' id='line_1_41' title="bbox 93 4303 1363 4376; baseline 0.008 -26"><span class='ocrx_word' id='word_1_391' title='bbox 93 4314 145 4355; x_wconf 90' lang='lat' dir='ltr'>esse</span> <span class='ocrx_word' id='word_1_392' title='bbox 169 4303 275 4373; x_wconf 82' lang='lat' dir='ltr'>opinor,</span> <span class='ocrx_word' id='word_1_393' title='bbox 300 4308 333 4358; x_wconf 91' lang='lat' dir='ltr'>ut</span> <span class='ocrx_word' id='word_1_394' title='bbox 352 4304 404 4359; x_wconf 88' lang='lat' dir='ltr'>Dio</span> <span class='ocrx_word' id='word_1_395' title='bbox 425 4306 510 4360; x_wconf 89' lang='lat' dir='ltr'>etiam</span> <span class='ocrx_word' id='word_1_396' title='bbox 529 4305 575 4360; x_wconf 91' lang='lat' dir='ltr'>hic</span> <span class='ocrx_word' id='word_1_397' title='bbox 599 4304 686 4360; x_wconf 88' lang='lat' dir='ltr'>oculis</span> <span class='ocrx_word' id='word_1_398' title='bbox 705 4306 794 4375; x_wconf 84' lang='lat' dir='ltr'>magis</span> <span class='ocrx_word' id='word_1_399' title='bbox 812 4306 985 4376; x_wconf 88' lang='lat' dir='ltr'>perlustrans</span> <span class='ocrx_word' id='word_1_400' title='bbox 1004 4307 1147 4359; x_wconf 84' lang='lat' dir='ltr'>auctorem</span> <span class='ocrx_word' id='word_1_401' title='bbox 1166 4322 1251 4373; x_wconf 89' lang='lat' dir='ltr'>quam</span> <span class='ocrx_word' id='word_1_402' title='bbox 1270 4309 1363 4360; x_wconf 90' lang='lat' dir='ltr'>mente</span> 
     </span>
     <span class='ocr_line' id='line_1_42' title="bbox 91 4391 1364 4466; baseline 0.005 -24"><span class='ocrx_word' id='word_1_403' title='bbox 91 4391 240 4462; x_wconf 83' lang='lat' dir='ltr'>percipiens</span> <span class='ocrx_word' id='word_1_404' title='bbox 273 4392 374 4448; x_wconf 88' lang='lat' dir='ltr'>omisso</span> <span class='ocrx_word' id='word_1_405' title='bbox 404 4396 486 4449; x_wconf 89' lang='lat' dir='ltr'>verbo</span> <span class='ocrx_word' id='word_1_406' title='bbox 518 4394 733 4466; x_wconf 77' lang='lat' dir='ltr'>„praecepisse“</span> <span class='ocrx_word' id='word_1_407' title='bbox 768 4396 843 4449; x_wconf 90' lang='lat' dir='ltr'>hunc</span> <span class='ocrx_word' id='word_1_408' title='bbox 872 4395 925 4448; x_wconf 92' lang='lat' dir='ltr'>sibi</span> <span class='ocrx_word' id='word_1_409' title='bbox 952 4393 1045 4448; x_wconf 88' lang='lat' dir='ltr'>animo</span> <span class='ocrx_word' id='word_1_410' title='bbox 1074 4395 1219 4448; x_wconf 90' lang='lat' dir='ltr'>verborum</span> <span class='ocrx_word' id='word_1_411' title='bbox 1246 4394 1364 4464; x_wconf 87' lang='lat' dir='ltr'>fingeret</span> 
     </span>
     <span class='ocr_line' id='line_1_43' title="bbox 92 4482 1363 4552; baseline 0.006 -23"><span class='ocrx_word' id='word_1_412' title='bbox 92 4492 205 4534; x_wconf 69' lang='lat' dir='ltr'>tensum:</span> <span class='ocrx_word' id='word_1_413' title='bbox 234 4488 378 4533; x_wconf 81' lang='lat' dir='ltr'>vastitatem</span> <span class='ocrx_word' id='word_1_414' title='bbox 402 4505 454 4535; x_wconf 82' lang='lat' dir='ltr'>esse</span> <span class='ocrx_word' id='word_1_415' title='bbox 474 4494 504 4534; x_wconf 90' lang='lat' dir='ltr'>ut</span> <span class='ocrx_word' id='word_1_416' title='bbox 516 4495 642 4551; x_wconf 76' lang='lat' dir='ltr'>pergeret</span> <span class='ocrx_word' id='word_1_417' title='bbox 660 4505 721 4536; x_wconf 85' lang='lat' dir='ltr'>neve</span> <span class='ocrx_word' id='word_1_418' title='bbox 740 4491 877 4538; x_wconf 84' lang='lat' dir='ltr'>laboraret.</span> <span class='ocrx_word' id='word_1_419' title='bbox 914 4483 974 4537; x_wconf 85' lang='lat' dir='ltr'>Hac</span> <span class='ocrx_word' id='word_1_420' title='bbox 992 4483 1101 4538; x_wconf 73' lang='lat' dir='ltr'>ratione</span> <span class='ocrx_word' id='word_1_421' title='bbox 1120 4482 1296 4552; x_wconf 70' lang='lat' dir='ltr'>intellegitur</span> <span class='ocrx_word' id='word_1_422' title='bbox 1315 4482 1363 4552; x_wconf 87' lang='lat' dir='ltr'>qui</span> 
     </span>
     <span class='ocr_line' id='line_1_44' title="bbox 93 4563 1362 4643; baseline 0.01 -30"><span class='ocrx_word' id='word_1_423' title='bbox 93 4563 143 4619; x_wconf 85' lang='lat' dir='ltr'>lieri</span> <span class='ocrx_word' id='word_1_424' title='bbox 160 4571 292 4638; x_wconf 81' lang='lat' dir='ltr'>potuerit,</span> <span class='ocrx_word' id='word_1_425' title='bbox 311 4574 344 4623; x_wconf 90' lang='lat' dir='ltr'>ut</span> <span class='ocrx_word' id='word_1_426' title='bbox 368 4571 501 4626; x_wconf 86' lang='lat' dir='ltr'>scriberet</span> <span class='ocrx_word' id='word_1_427' title='bbox 520 4573 639 4626; x_wconf 84' lang='lat' dir='ltr'>Zonaras</span> <span class='ocrx_word' id='word_1_428' title='bbox 658 4574 701 4627; x_wconf 91' lang='lat' dir='ltr'>vel</span> <span class='ocrx_word' id='word_1_429' title='bbox 722 4573 781 4643; x_wconf 89' lang='lat' dir='ltr'>ejus</span> <span class='ocrx_word' id='word_1_430' title='bbox 800 4577 899 4627; x_wconf 69' lang='lat' dir='ltr'>arctor</span> <span class='ocrx_word' id='word_1_431' title='bbox 917 4571 983 4626; x_wconf 88' lang='lat' dir='ltr'>Dio:</span> <span class='ocrx_word' id='word_1_432' title='bbox 1003 4576 1089 4624; x_wconf 74' lang='grc' dir='ltr'><strong><em>ταῐτα</em></strong></span> <span class='ocrx_word' id='word_1_433' title='bbox 1110 4572 1362 4642; x_wconf 62' lang='grc' dir='ltr'><strong><em>ονμπορθόσοντα.</em></strong></span> 
     </span>
    </p>
   </div>
   <div class='ocr_carea' id='block_1_7' title="bbox 0 0 1572 5082">
    <p class='ocr_par' dir='ltr' id='par_1_10' title="bbox 0 0 1572 5082">
     <span class='ocr_line' id='line_1_45' title="bbox 0 0 1572 5082; baseline 0 0"><span class='ocrx_word' id='word_1_434' title='bbox 0 0 1572 5082; x_wconf 95' lang='lat' dir='ltr'> </span> 
     </span>
    </p>
   </div>
  </div>
 </body>
</html>
