3134 5082
622 245 843 316 ..43..

77 422 237 492 exercitu
273 427 411 495 hostium
447 431 578 513 brerint,
616 437 646 495 et
681 431 807 496 eosdem
840 436 982 495 auctores
1015 426 1071 515 qui
1103 427 1247 516 augendo
1279 421 1375 495 fidem

78 538 333 620 superiecerint,
363 538 499 602 Umbros
521 539 703 622 luscosque
726 558 851 622 pugnae
874 538 1025 621 adfuisse,
1049 545 1079 602 et
1101 544 1138 602 ut
1159 539 1375 604 Romanorum

79 662 224 726 quoque
252 653 403 730 augerent
430 647 535 731 copias
559 645 768 709 Volumnium
795 666 859 710 non
887 648 923 709 in
950 645 1093 728 Samnio,
1127 647 1182 710 sed
1210 667 1275 710 una
1302 667 1376 710 cum

78 750 279 816 consulibus
319 758 428 817 contra
467 757 615 837 quattuor
653 754 725 817 illos
764 754 898 838 populos
935 755 1071 838 gessisse
1105 773 1172 818 rem
1206 757 1376 819 memoriae

77 857 270 940 prodidisse
308 859 390 923 dicit.
452 858 522 936 Quo
562 862 742 924 testimonio
783 860 921 924 efficitur
957 861 1030 924 illos
1068 862 1235 945 scriptores
1268 881 1376 925 rerum

80 965 239 1029 ordinem
285 985 469 1051 nexumque
512 987 642 1052 prorsus
686 968 775 1031 aliter
817 967 1011 1050 exhibuisse,
1059 970 1226 1053 praecipue
1270 974 1376 1033 autem

81 1075 285 1155 stratagema
307 1074 400 1155 illud,
429 1094 492 1158 quo
515 1073 643 1140 Etrusci
666 1093 706 1138 ex
730 1094 804 1158 agro
829 1073 996 1158 Sentinati,
1023 1076 1058 1138 in
1080 1075 1161 1140 fines
1184 1096 1258 1140 suos
1281 1081 1376 1141 retra-

79 1179 246 1243 herentur
273 1181 458 1265 clademque
481 1181 675 1246 Umbrorum
704 1184 854 1246 omisisse.
901 1183 1002 1266 Atqui
1030 1187 1060 1246 et
1087 1184 1194 1267 ipsum
1221 1181 1377 1248 Duridem

82 1285 239 1350 Samium
271 1289 435 1372 aequalem
465 1289 530 1353 fere
561 1309 687 1374 pugnae
714 1288 886 1353 Sentinatis
918 1290 1037 1353 scimus
1067 1295 1216 1373 quattuor
1241 1292 1376 1375 populos

81 1395 141 1458 illi
168 1395 359 1460 clarissimae
381 1417 507 1481 pugnae
529 1397 709 1461 interfuisse
733 1417 885 1462 narrasse.
924 1396 1074 1480 Legimus
1090 1398 1175 1460 enim
1189 1399 1224 1461 in
1239 1398 1375 1462 frustulo

81 1501 288 1566 Diodoriano
297 1502 328 1586 1).
370 1499 439 1572 Ὅτι
466 1505 520 1573 ἐπὶ
542 1515 603 1573 τοῦ
624 1508 767 1591 πολέμου
790 1514 859 1573 τῶν
887 1501 1088 1591 Τυῤῥηνών
1115 1507 1169 1573 καὶ
1192 1511 1376 1574 Γαλατῶν

82 1613 148 1677 καὶ
185 1617 392 1696 Σαμνιτῶν
425 1614 488 1680 -καὶ
523 1621 600 1681 τῶν
638 1612 780 1698 ἑτέρων
821 1608 1026 1698 συμμάχων
1067 1609 1274 1698 ἀνῃρέθησαν
1310 1607 1375 1678 ὑπὸ

83 1714 259 1804 Ῥωμαίου
291 1722 414 1800 Φαβίου
444 1715 664 1796 ὗπατευοντος
696 1723 776 1787 δέκα
807 1715 960 1806 μυριάδες
987 1713 1033 1796 ὥς
1059 1737 1136 1806 φησι
1163 1723 1286 1805 Δοῦρις,
1320 1719 1376 1802 qui

84 1825 184 1888 locus
206 1844 258 1888 me
284 1827 397 1908 movit,
424 1832 461 1890 ut
483 1827 650 1910 scriptores
674 1827 828 1910 quosdam
850 1825 1009 1889 Romanos
1034 1845 1074 1889 err
1097 1824 1230 1907 Duride,
1260 1827 1376 1909 quippe

87 1933 147 1996 cui
174 1937 211 1995 ut
235 1935 458 2017 antiquissimo
481 1934 595 1997 harum
617 1953 725 1998 rerum
749 1934 869 1996 auctori
893 1953 1049 1997 summam
1073 1932 1249 1996 tribuerent
1270 1931 1375 2014 fidem,

88 2059 153 2102 sua
184 2039 327 2105 hausisse
360 2040 534 2104 arbitrarer.
589 2042 740 2104 Attamen
773 2046 905 2104 aetatem
937 2041 1038 2123 magis
1073 2059 1168 2123 quam
1200 2039 1294 2103 fidem
1328 2040 1375 2102 illi
1479 2057 1483 2063 ·

89 2149 262 2231 scriptores
290 2147 426 2211 Romani
458 2150 640 2212 aestimasse
670 2149 803 2233 putandi
835 2152 917 2212 sunt.
968 2146 1121 2228 Polybius
1150 2149 1247 2229 enim,
1281 2166 1376 2231 quem

88 2256 157 2336 jam
190 2275 286 2339 supra
317 2255 444 2319 laudavi
475 2256 553 2320 haec
585 2256 624 2319 de
656 2275 788 2319 numero
821 2255 1009 2340 populorum
1040 2255 1096 2338 qui
1124 2274 1196 2318 cum
1223 2253 1375 2318 Romanis

96 2361 299 2445 dimicabant,
331 2364 501 2427 memoriae
528 2363 670 2427 mandat:
710 2362 791 2450 μετά
820 2365 857 2430 δὲ
884 2369 986 2430 ταῦτα
1013 2358 1111 2430 πάλιν
1139 2363 1204 2430 ἔτει
1229 2359 1375 2452 τετάρτῳ

100 2466 375 2558 συμφρονήσαντες
397 2465 462 2556 ἅμα
485 2478 676 2540 Σαυνῖται
698 2474 753 2540 καὶ
777 2466 946 2538 Γαλάται
968 2465 1193 2555 παρετάξαντο
1215 2465 1375 2556 Ῥωμαίοις

99 2575 135 2643 ἐν
160 2585 199 2662 τῇ
226 2581 415 2664 Καμερτίονν
441 2574 538 2667 χώρᾳ.
589 2578 621 2642 Is
649 2579 748 2661 igitur
776 2597 871 2661 quem
898 2576 1033 2639 Fabium
1060 2578 1095 2639 in
1122 2577 1172 2640 his
1200 2576 1296 2640 rebus
1319 2596 1374 2640 ex-

94 2684 249 2766 ponendis
277 2683 458 2749 adhibuisse
486 2691 609 2749 certum
637 2691 695 2760 est,
726 2685 805 2748 duas
832 2689 957 2747 tantum
984 2689 1094 2766 gentes
1122 2703 1196 2748 cum
1222 2682 1374 2747 Romanis

93 2810 209 2855 manus
237 2794 433 2856 conseruisse
460 2799 571 2856 ramat
593 2812 653 2856 nec
679 2792 834 2856 habemus
863 2810 920 2853 cur
942 2789 1039 2854 Fabio
1063 2793 1208 2875 scriptori
1230 2790 1373 2854 Romano

91 2896 156 2962 fide
195 2899 381 2983 dignissimo
419 2899 516 2963 fidem
554 2899 749 2984 abrogemus.
806 2897 901 2962 Unde
940 2899 1085 2981 sequitur
1121 2898 1239 2961 fontem
1279 2915 1374 2980 quem

90 3007 282 3090 primarium
303 3006 416 3070 habuit
435 3006 546 3070 Livius
570 3044 611 3053 -
636 3026 701 3090 cap.
720 3007 761 3069 26
786 3005 952 3088 §13-30
978 3005 996 3086 ἐ
1014 3007 1033 3068 3
1058 3041 1099 3050 -
1123 3006 1168 3066 ita
1190 3004 1374 3067 relationem

92 3113 247 3177 Graecam
271 3118 302 3177 et
316 3113 491 3176 Romanam
515 3115 731 3177 contaminare
751 3117 900 3176 conatum
920 3130 996 3191 esse,
1019 3116 1056 3174 ut
1071 3112 1104 3172 in
1120 3111 1230 3174 castris
1248 3109 1375 3193 quidem

91 3413 192 3469 existit
219 3414 359 3483 quaestio,
393 3413 442 3483 qui
469 3414 529 3469 fieri
555 3412 682 3484 potnerit
712 3416 745 3466 ut
778 3411 808 3465 in
840 3410 935 3466 codice
964 3409 1160 3480 antiquissimo
1189 3407 1281 3464 Orosii
1308 3412 1374 3462 ante

90 3522 241 3559 numerum
266 3504 408 3560 subtiliter
432 3508 561 3559 exactum
581 3504 721 3560 CCCXXX
747 3502 934 3556 scriberentur
955 3500 1055 3555 literae
1075 3499 1150 3564 CXL,
1174 3517 1238 3554 cum
1256 3499 1286 3552 in
1303 3497 1375 3553 Livii

91 3594 210 3666 optimis
226 3595 305 3649 libris
323 3596 446 3666 legatur:
464 3595 502 3648 Xl
519 3596 564 3650 vel
581 3595 613 3648 X.
651 3593 714 3648 Jam
741 3591 840 3646 melius
863 3609 922 3646 rem
945 3589 1159 3662 perspiciemus,
1183 3589 1207 3643 si
1229 3587 1374 3643 Niebuhrii

91 3683 250 3740 sententiae
276 3683 521 3754 adstipulabimur,
555 3682 604 3752 qui
632 3681 735 3737 codicis
759 3680 886 3735 Clolriani
910 3679 1033 3733 Palatini
1056 3678 1195 3747 scriptura
1217 3679 1374 3731 commotus

89 3774 188 3828 literas
206 3775 258 3839 XI,
282 3791 351 3843 quas
374 3777 403 3828 et
424 3773 517 3843 ipsum
540 3771 697 3826 Parisinum
720 3770 847 3826 exhibere
869 3769 1001 3834 vidimus,
1025 3769 1056 3822 in
1074 3768 1123 3822 XL
1140 3766 1270 3822 mutarit.
1313 3766 1374 3831 Qua

91 3862 233 3934 scriptura
259 3863 379 3933 probata
406 3861 560 3916 similitudo
589 3861 727 3931 quaedam
753 3857 902 3913 intercedit
929 3857 1005 3912 inter
1023 3857 1115 3912 Orosii
1138 3854 1288 3909 lectionem
1307 3853 1374 3908 CXL

91 3956 123 4006 et
145 3951 267 4021 optimos
285 3950 357 4005 Livii
375 3949 460 4004 libros
479 3950 534 4004 XL.
571 3947 659 4018 Atqui
682 3965 746 4001 cum
767 3947 803 4001 VI
826 3950 854 4001 et
873 3949 921 3998 XL
940 3945 1020 3999 milia
1042 3944 1171 4014 equitum
1193 3959 1307 4013 pugnae
1326 3942 1373 3995 ad·

91 4042 180 4097 fuisse
207 4041 350 4105 dicantur,
379 4040 511 4095 facillime
539 4039 598 4094 fieri
620 4036 728 4108 potuit,
757 4040 791 4090 ut
809 4037 839 4090 in
857 4036 1058 4104 antiquissimis
1077 4034 1149 4089 Livii
1168 4031 1373 4102 exemplaribus

92 4130 201 4186 librarii
228 4148 319 4185 errore
348 4129 397 4199 qui
424 4129 509 4184 verbo
540 4127 697 4198 ,peditum“
718 4125 824 4196 scripto
848 4125 884 4179 ad
903 4126 1032 4194 equitum
1050 4141 1196 4178 numerum
1215 4122 1372 4188 aberrabat,

93 4238 209 4276 numero
233 4220 375 4276 OCCXXX
401 4218 657 4290 praescriberentur
683 4215 794 4271 litterae
816 4215 871 4270 XL.
914 4215 933 4270 C
961 4219 1058 4269 autem
1085 4213 1169 4268 litera
1197 4230 1270 4283 quae
1298 4213 1373 4281 apud

95 4311 224 4366 Orosium
237 4314 324 4376 extat,
342 4309 434 4365 nescio
449 4327 485 4363 an
498 4309 598 4364 mendo
607 4305 715 4361 librarii
724 4304 869 4360 cuiusdam
879 4305 970 4360 Orosii
984 4305 1133 4359 tribuenda
1147 4303 1191 4358 sit.
1220 4303 1374 4374 Propterea

95 4419 195 4471 sequor
212 4400 318 4456 Hertzii
336 4400 515 4470 scripturam:
534 4397 613 4452 milia
631 4399 758 4452 trecenta
776 4394 896 4466 triginta
915 4414 974 4465 sqq.

187 4508 206 4576 ¹)
225 4506 331 4562 Diodor
348 4505 420 4561 XXI.
441 4509 464 4560 6.
