3216 5082
656 245 874 306 ..15-

125 421 231 484 locum
260 421 502 497 adnotaverunt,
532 424 631 507 legem
657 421 858 506 diligentias
881 429 1021 486 sanctam
1046 425 1106 487 dici
1130 445 1193 487 non
1217 445 1308 509 posse
1332 445 1403 488 cum

125 528 222 591 verba
253 535 374 592 tantum
407 530 561 613 »improbe
589 530 721 594 factumi
750 532 869 594 adiecta
897 533 968 594 sint.
1016 529 1117 606 Quam
1146 532 1185 594 ob
1213 552 1341 595 causam
1365 534 1404 596 ad

125 637 259 719 primam
299 638 400 719 legem
440 638 600 701 Valeriam
638 639 716 700 haec
753 638 849 700 rerba
887 637 1049 701 referenda
1086 659 1154 702 esse
1192 639 1253 700 riri
1291 639 1373 702 docti
1383 639 1403 718 1)

126 742 265 806 arbitrati
297 751 385 824 sunt;
423 745 506 827 quod
541 765 558 808 e
590 743 711 824 Livi02)
745 747 847 808 evinci
879 765 943 807 non
976 750 1088 828 potest,
1121 744 1267 826 Dionysii
1299 753 1403 809 autem

123 849 229 913 verbis
237 850 262 929 ³)
286 847 344 918 ado
368 855 404 919 dt
428 851 516 936 nupti
539 849 641 920 vacat
664 879 694 919 aa
718 867 825 920 ποιεῖν
852 853 1074 938 ἐπιχειροῦντα
1097 858 1226 940 νηποινὶ
1249 851 1403 922 τεθνάναι

120 954 265 1025 κελεύων
287 977 417 1040 prorsus
441 967 605 1042 repugnat,
630 962 663 1021 ni
686 959 765 1022 forte
788 979 893 1022 errore
915 961 1083 1023 inductum
1107 959 1299 1041 Dionysium
1322 962 1403 1024 hanc

120 1066 317 1127 sanctionem
340 1068 459 1149 primae
483 1066 630 1129 tribuisse
653 1067 715 1150 legi
739 1067 908 1130 arbitraris.
956 1067 1030 1130 Huc
1053 1068 1185 1143 accedit,
1214 1069 1297 1151 quod
1321 1067 1403 1130 Livii

123 1170 234 1233 verba:
266 1171 407 1235 »Valeria
430 1173 483 1236 lex
507 1197 563 1252 —3
588 1174 633 1249 id,
659 1176 713 1257 qui
738 1180 807 1239 tum
833 1174 935 1257 pudor
962 1175 1126 1237 hominnm
1152 1183 1230 1236 erat«
1253 1195 1317 1238 non
1340 1177 1402 1237 uisi

124 1278 165 1340 ad
192 1279 289 1361 legam
316 1281 411 1362 paulo
440 1289 513 1343 ante
540 1289 815 1344 commemoratam
844 1282 952 1344 referri
980 1289 1113 1364 possunt
1142 1302 1178 1343 ac
1205 1300 1277 1344 cum
1301 1301 1341 1344 ne
1364 1282 1402 1344 de

124 1386 279 1449 secundae
303 1387 430 1470 quidem
455 1389 533 1470 legis
557 1388 702 1451 Valeriae
730 1391 892 1452 sanctione
917 1389 1090 1472 quidquam
1114 1391 1189 1451 certi
1214 1394 1303 1452 coust
1324 1394 1336 1451 t
1360 1427 1400 1434 —

124 1512 195 1554 nam
221 1514 305 1556 noca
334 1502 400 1557 erat
429 1496 478 1557 lox
510 1498 586 1558 anni
611 1497 674 1558 305
704 1517 767 1579 qua
795 1517 835 1558 ne
864 1498 935 1579 quis
963 1497 1065 1559 ullum
1089 1498 1310 1578 magistratum
1334 1498 1402 1559 sine

121 1601 344 1681 provocatione
367 1613 486 1665 crearet
509 1605 641 1666 vetitum
665 1615 731 1666 erat
755 1641 796 1648 -—
822 1605 944 1666 tertiam
965 1602 1070 1666 verbis
1093 1603 1250 1687 »improbe
1272 1604 1402 1667 iactum«

119 1715 263 1771 sanctam
289 1698 387 1773 fuisse
411 1711 483 1791 jure
510 1710 776 1790 concludemus4).
837 1749 846 1756 -
872 1709 933 1774 Sed
957 1712 1024 1791 jam
1047 1730 1140 1794 porro
1163 1711 1403 1795 progrediamur
1498 1783 1499 1788 .

119 1823 157 1877 ut
179 1833 220 1877 111
247 1817 281 1878 in
309 1817 514 1900 sequentibus
543 1818 671 1901 quidem
699 1818 797 1880 aliurn
826 1816 885 1880 sibi
914 1818 1045 1899 elegisse
1072 1818 1191 1881 fontem
1214 1819 1400 1900 primarium
1507 1889 1509 1894 ¹

120 1920 246 1985 livium
279 1924 538 1988 demonstremus.
594 1925 738 1988 Breviter
771 1927 855 1987 enim
888 1926 1022 1986 narratis
1050 1924 1143 1987 rebus
1168 1945 1186 1986 a
1215 1924 1400 1987 1111111111

122 2027 156 2102 Q.
184 2030 318 2113 Apulej0
351 2031 536 2094 consulibus
568 2034 664 2115 gestis
696 2052 796 2094 noros
829 2037 949 2095 creatos
981 2049 1049 2093 esse
1082 2031 1157 2093 dicit
1184 2033 1330 2096 consules
1359 2032 1399 2095 M.

118 2135 270 2200 Fulvium
298 2137 431 2201 Paetum
453 2139 484 2201 Τ.
510 2137 665 2202 Manlium
683 2139 885 2222 Torquatum.
942 2137 1002 2201 Sed
1035 2137 1130 2200 adicit
1163 2176 1204 2182 -
1239 2143 1257 2219 ξ
1284 2140 1323 2202 10
1358 2177 1399 2185 -

118 2243 253 2306 aliorum
292 2265 419 2328 quoque
458 2246 624 2308 relationes
663 2245 701 2308 de
740 2247 900 2329 sequentis
935 2246 1010 2307 anni
1043 2245 1278 2328 magistratibus
1316 2265 1400 2310 crea-

116 2352 167 2415 tis.
225 2349 329 2414 Macer
363 2354 447 2415 enim
487 2351 628 2416 Licinius
666 2372 702 2415 ac
740 2352 861 2415 Tubero
892 2351 926 2427 Q.
955 2351 1089 2414 Fabium
1119 2351 1297 2415 Maximum
1331 2374 1399 2416 noaz

115 2460 278 2539 petentem
311 2458 349 2521 ab
382 2459 531 2523 omnibus
563 2462 714 2524 centuriis
747 2460 910 2522 consulem
942 2464 1081 2522 creatum
1113 2460 1295 2542 repudiasse
1326 2480 1400 2524 oon·

121 2564 258 2627 sulatum
294 2566 492 2650 eundemque
527 2574 562 2630 ut
596 2567 657 2630 sibi
691 2569 725 2629 in
760 2545 988 2630 bellicosiorem
1023 2585 1144 2629 annum
1178 2567 1269 2630 illum
1301 2570 1399 2651 magi—

119 2677 250 2734 stratum
286 2673 445 2736 differrent
478 2693 596 2753 orasse;
631 2675 730 2738 nihilo
764 2675 867 2738 secius
900 2679 1005 2737 autem
1037 2693 1105 2734 non
1127 2677 1292 2756 petentem
1326 2693 1399 2736 curn

117 2775 150 2839 L.
175 2777 301 2861 Papirio
330 2779 465 2844 Cursore
500 2781 632 2844 aedilem
671 2782 813 2844 curulem
851 2781 970 2844 factum
1008 2781 1179 2842 memoriae
1217 2780 1397 2864 prodebant.

116 2885 219 2968 Atqui
265 2905 339 2949 curn
381 2907 477 2971 supra
488 2886 512 2970 ⁵)
555 2890 721 2972 scriptores
763 2888 917 2971 quosdam
960 2884 994 2962 Q.
1028 2886 1162 2950 Fabium
1203 2885 1245 2949 M.
1271 2885 1398 2950 Valerio

117 2994 305 3076 magistrum
323 3013 392 3076 equ.
411 2995 592 3058 attribuisse
602 2997 785 3077 viderimus
801 3015 893 3079 porro
910 3013 982 3057 cum
997 2994 1031 3058 in
1048 2994 1192 3077 sequenti
1211 2992 1284 3055 libri
1299 2995 1398 3057 nostri

119 3105 205 3182 parte
228 3100 285 3164 ubi
307 3100 346 3163 ab
370 3108 497 3165 auctore
520 3104 670 3186 primario
690 3102 816 3165 Livium
840 3103 1006 3166 recessisse
1029 3101 1231 3164 manifestum
1255 3107 1310 3182 est,
1333 3121 1398 3164 non

115 3210 232 3290 petens
260 3214 291 3271 et
318 3210 438 3272 inritus
461 3209 578 3273 Fabius
603 3211 714 3273 consul
738 3217 874 3291 creetur,
897 3229 963 3272 non
987 3229 1005 3271 a
1026 3227 1101 3272 vero
1126 3207 1348 3288 aberrabimus,
1372 3211 1400 3271 si

119 3317 284 3399 scriptores
309 3336 388 3400 quos
408 3315 465 3379 IX.
491 3318 568 3397 §10
592 3318 700 3381 laudat
722 3317 843 3398 Livius,
867 3336 939 3379 cum
962 3335 1029 3377 non
1051 3317 1169 3399 petenti
1192 3321 1286 3399 atque
1306 3317 1397 3399 quasi

116 3423 218 3485 invito
247 3425 448 3507 magistratus
474 3423 571 3487 Fabio
600 3443 668 3488 esse
696 3425 815 3488 delatos
843 3429 1020 3504 narrarent,
1049 3422 1138 3485 Fabii
1160 3422 1279 3506 gloriae
1301 3425 1398 3487 nimis

116 3529 233 3593 favisse
266 3537 297 3594 11
323 3530 362 3593 ab
390 3532 526 3594 aliorum
553 3531 641 3595 fastis
670 3532 885 3614 discrepuntes
913 3531 999 3592 illius
1027 3532 1088 3592 viri
1118 3549 1234 3593 nomen
1261 3530 1340 3594 falso
1363 3533 1398 3592 in

116 3637 214 3701 fastos
236 3639 402 3702 intrusisse
424 3639 652 3721 historiamque
673 3639 850 3702 Romanam
874 3638 1058 3702 obscurasse
1081 3637 1296 3718 statuemus‘i).
1336 3638 1396 3702 Sed

211 3813 230 3882 ¹)
250 3813 373 3884 Lange:
401 3813 676 3868 Ariaramneia.

208 3901 229 3972 2)
248 3903 280 3956 Π.
301 3903 325 3957 8.

209 3989 230 4060 ³)
248 3991 281 4045 V.
301 3993 342 4046 70.

208 4081 229 4149 4)
248 4079 289 4135 De
308 4081 405 4135 eadem
424 4098 453 4136 re
472 4081 599 4151 disputat
619 4080 649 4135 li.
668 4081 795 4149 Meyerua
814 4080 844 4134 in
862 4098 957 4135 museo
977 4080 1112 4136 Rhenano
1132 4082 1174 4134 37.
1193 4099 1220 4150 p.
1237 4083 1296 4135 626.

209 4169 230 4238 5)
250 4171 321 4224 conf.
340 4190 368 4240 p.
385 4173 409 4225 9.

208 4258 229 4329 ⁶)
248 4259 347 4314 Nescio
367 4278 403 4313 an
422 4261 530 4330 etipsa
548 4260 633 4314 verba
651 4260 668 4328 ξ
683 4260 717 4312 14
736 4277 796 4329 cap.
812 4259 848 4312 V:
870 4277 942 4323 „non
961 4263 1106 4328 petentem
1123 4263 1208 4327 atque
1223 4260 1292 4314 adeo
1308 4259 1394 4314 etiam

115 4348 261 4402 absentem
280 4352 405 4403 creatum
423 4355 556 4401 tradidere
574 4354 695 4416 quidam“
718 4349 753 4401 ad
772 4348 892 4402 eundem
911 4348 1049 4402 Licinium
1063 4348 1205 4402 referenda
1219 4349 1283 4413 sint,
1303 4353 1335 4403 ut
1349 4349 1392 4403 bis

114 4455 180 4491 eum
201 4437 265 4492 inde
288 4455 305 4490 a
327 4437 411 4492 tertio
435 4437 527 4506 capite
546 4428 687 4506 usquead
705 4438 788 4491 finem
807 4437 899 4504 quinti
918 4470 951 4477 —
971 4437 1016 4491 lll.
1036 4439 1053 4502 ἦ
1071 4440 1088 4489 4
1108 4441 1137 4491 11
1156 4435 1186 4490 V.
1207 4440 1223 4505 q*
1243 4438 1277 4490 14
1297 4470 1329 4476 -
1349 4437 1390 4491 in·

115 4543 237 4595 sperasse
256 4527 348 4580 Livius
367 4527 405 4584 ait
423 4527 574 4597 putandus.
