<?xml version="1.0" encoding="UTF-8"?>
<!DOCTYPE html PUBLIC "-//W3C//DTD XHTML 1.0 Transitional//EN"
    "http://www.w3.org/TR/xhtml1/DTD/xhtml1-transitional.dtd">
<html xmlns="http://www.w3.org/1999/xhtml" xml:lang="en" lang="en">
 <head>
  <title>
</title>
<meta http-equiv="Content-Type" content="text/html;charset=utf-8" />
  <meta name='ocr-system' content='tesseract 3.04.00' />
  <meta name='ocr-capabilities' content='ocr_page ocr_carea ocr_par ocr_line ocrx_word'/>
</head>
<body>
  <div class='ocr_page' id='page_1' title='image "./dedecimiliviili00klingoog_0011.png"; bbox 0 0 3216 5082; ppageno 0'>
   <div class='ocr_carea' id='block_1_1' title="bbox 706 245 904 309">
    <p class='ocr_par' dir='ltr' id='par_1_1' title="bbox 706 245 904 309">
     <span class='ocr_line' id='line_1_1' title="bbox 706 245 904 309; baseline -0.005 -16"><span class='ocrx_word' id='word_1_1' title='bbox 706 245 904 309; x_wconf 75' lang='lat'>..2-</span> 
     </span>
    </p>
   </div>
   <div class='ocr_carea' id='block_1_2' title="bbox 167 422 1449 1364">
    <p class='ocr_par' dir='ltr' id='par_1_2' title="bbox 167 422 1449 1364">
     <span class='ocr_line' id='line_1_2' title="bbox 168 422 1449 510; baseline 0.003 -24"><span class='ocrx_word' id='word_1_2' title='bbox 168 422 238 486; x_wconf 88' lang='lat' dir='ltr'>fons</span> <span class='ocrx_word' id='word_1_3' title='bbox 251 442 300 487; x_wconf 91' lang='lat' dir='ltr'>res</span> <span class='ocrx_word' id='word_1_4' title='bbox 313 429 438 486; x_wconf 81' lang='lat' dir='ltr'>enarrat</span> <span class='ocrx_word' id='word_1_5' title='bbox 449 424 477 504; x_wconf 88' lang='lat'>¹).</span> <span class='ocrx_word' id='word_1_6' title='bbox 495 423 582 488; x_wconf 87' lang='lat' dir='ltr'>Haec</span> <span class='ocrx_word' id='word_1_7' title='bbox 597 423 661 488; x_wconf 88' lang='lat' dir='ltr'>fere</span> <span class='ocrx_word' id='word_1_8' title='bbox 677 430 752 487; x_wconf 91' lang='lat' dir='ltr'>sunt</span> <span class='ocrx_word' id='word_1_9' title='bbox 762 425 976 507; x_wconf 86' lang='lat' dir='ltr'>fundamenta,</span> <span class='ocrx_word' id='word_1_10' title='bbox 990 424 1105 508; x_wconf 92' lang='lat' dir='ltr'>quibus</span> <span class='ocrx_word' id='word_1_11' title='bbox 1118 427 1213 489; x_wconf 86' lang='lat' dir='ltr'>totius</span> <span class='ocrx_word' id='word_1_12' title='bbox 1228 427 1449 510; x_wconf 84' lang='lat' dir='ltr'>disputationis</span> 
     </span>
     <span class='ocr_line' id='line_1_3' title="bbox 168 529 1449 615; baseline 0.003 -23"><span class='ocrx_word' id='word_1_13' title='bbox 168 529 349 594; x_wconf 87' lang='lat' dir='ltr'>Nitzschius</span> <span class='ocrx_word' id='word_1_14' title='bbox 367 529 544 593; x_wconf 86' lang='lat' dir='ltr'>aedificium</span> <span class='ocrx_word' id='word_1_15' title='bbox 561 532 755 614; x_wconf 88' lang='lat' dir='ltr'>superstruit.</span> <span class='ocrx_word' id='word_1_16' title='bbox 780 531 800 594; x_wconf 87' lang='lat' dir='ltr'>J</span> <span class='ocrx_word' id='word_1_17' title='bbox 803 552 821 594; x_wconf 92' lang='lat' dir='ltr'>a</span> <span class='ocrx_word' id='word_1_18' title='bbox 835 551 988 612; x_wconf 90' lang='lat' dir='ltr'>momnes,</span> <span class='ocrx_word' id='word_1_19' title='bbox 1005 533 1060 615; x_wconf 89' lang='lat' dir='ltr'>qui</span> <span class='ocrx_word' id='word_1_20' title='bbox 1076 531 1114 594; x_wconf 92' lang='lat' dir='ltr'>de</span> <span class='ocrx_word' id='word_1_21' title='bbox 1129 532 1188 594; x_wconf 92' lang='lat' dir='ltr'>hoc</span> <span class='ocrx_word' id='word_1_22' title='bbox 1199 532 1279 595; x_wconf 92' lang='lat' dir='ltr'>libro</span> <span class='ocrx_word' id='word_1_23' title='bbox 1291 533 1449 614; x_wconf 87' lang='lat' dir='ltr'>judicium</span> 
     </span>
     <span class='ocr_line' id='line_1_4' title="bbox 168 619 1447 722; baseline 0.003 -24"><span class='ocrx_word' id='word_1_24' title='bbox 168 636 308 699; x_wconf 90' lang='lat' dir='ltr'>tulerunt</span> <span class='ocrx_word' id='word_1_25' title='bbox 330 638 365 698; x_wconf 93' lang='lat' dir='ltr'>in</span> <span class='ocrx_word' id='word_1_26' title='bbox 388 656 424 700; x_wconf 92' lang='lat' dir='ltr'>eo</span> <span class='ocrx_word' id='word_1_27' title='bbox 448 619 687 718; x_wconf 61' lang='lat' dir='ltr'>consentiunti),</span> <span class='ocrx_word' id='word_1_28' title='bbox 711 639 922 720; x_wconf 89' lang='lat' dir='ltr'>conscriptum</span> <span class='ocrx_word' id='word_1_29' title='bbox 946 657 1014 701; x_wconf 90' lang='lat' dir='ltr'>esse</span> <span class='ocrx_word' id='word_1_30' title='bbox 1036 638 1127 701; x_wconf 89' lang='lat' dir='ltr'>illurn</span> <span class='ocrx_word' id='word_1_31' title='bbox 1149 637 1267 701; x_wconf 92' lang='lat' dir='ltr'>librum</span> <span class='ocrx_word' id='word_1_32' title='bbox 1283 640 1447 722; x_wconf 82' lang='lat' dir='ltr'>ingeniose</span> 
     </span>
     <span class='ocr_line' id='line_1_5' title="bbox 168 745 1448 831; baseline 0.003 -26"><span class='ocrx_word' id='word_1_33' title='bbox 168 749 198 806; x_wconf 92' lang='lat' dir='ltr'>et</span> <span class='ocrx_word' id='word_1_34' title='bbox 226 751 336 826; x_wconf 90' lang='lat' dir='ltr'>argute</span> <span class='ocrx_word' id='word_1_35' title='bbox 363 745 527 828; x_wconf 89' lang='lat' dir='ltr'>multaque</span> <span class='ocrx_word' id='word_1_36' title='bbox 555 764 636 827; x_wconf 88' lang='lat' dir='ltr'>quae</span> <span class='ocrx_word' id='word_1_37' title='bbox 665 745 718 807; x_wconf 90' lang='lat' dir='ltr'>alii</span> <span class='ocrx_word' id='word_1_38' title='bbox 741 746 792 808; x_wconf 83' lang='lat' dir='ltr'>vel</span> <span class='ocrx_word' id='word_1_39' title='bbox 815 746 1013 829; x_wconf 83' lang='lat' dir='ltr'>neglexerint</span> <span class='ocrx_word' id='word_1_40' title='bbox 1035 746 1085 808; x_wconf 90' lang='lat' dir='ltr'>vel</span> <span class='ocrx_word' id='word_1_41' title='bbox 1110 747 1286 828; x_wconf 90' lang='lat' dir='ltr'>omiserint,</span> <span class='ocrx_word' id='word_1_42' title='bbox 1308 749 1448 831; x_wconf 90' lang='lat' dir='ltr'>primum</span> 
     </span>
     <span class='ocr_line' id='line_1_6' title="bbox 167 850 1447 937; baseline 0.003 -23"><span class='ocrx_word' id='word_1_43' title='bbox 167 850 365 915; x_wconf 88' lang='lat' dir='ltr'>Nitzschium</span> <span class='ocrx_word' id='word_1_44' title='bbox 389 852 428 916; x_wconf 93' lang='lat' dir='ltr'>ad</span> <span class='ocrx_word' id='word_1_45' title='bbox 451 852 690 937; x_wconf 83' lang='lat' dir='ltr'>investigandos</span> <span class='ocrx_word' id='word_1_46' title='bbox 705 853 807 916; x_wconf 89' lang='lat' dir='ltr'>fontes</span> <span class='ocrx_word' id='word_1_47' title='bbox 830 855 864 915; x_wconf 92' lang='lat' dir='ltr'>in</span> <span class='ocrx_word' id='word_1_48' title='bbox 879 873 974 932; x_wconf 89' lang='lat' dir='ltr'>usum</span> <span class='ocrx_word' id='word_1_49' title='bbox 991 872 1127 935; x_wconf 88' lang='lat' dir='ltr'>vocasse,</span> <span class='ocrx_word' id='word_1_50' title='bbox 1152 855 1236 918; x_wconf 89' lang='lat' dir='ltr'>unde</span> <span class='ocrx_word' id='word_1_51' title='bbox 1250 854 1368 917; x_wconf 88' lang='lat' dir='ltr'>factum</span> <span class='ocrx_word' id='word_1_52' title='bbox 1392 859 1447 936; x_wconf 90' lang='lat' dir='ltr'>est,</span> 
     </span>
     <span class='ocr_line' id='line_1_7' title="bbox 167 961 1448 1046; baseline 0.004 -25"><span class='ocrx_word' id='word_1_53' title='bbox 167 964 203 1022; x_wconf 92' lang='lat' dir='ltr'>ut</span> <span class='ocrx_word' id='word_1_54' title='bbox 225 961 372 1023; x_wconf 86' lang='lat' dir='ltr'>nonnulli</span> <span class='ocrx_word' id='word_1_55' title='bbox 395 961 523 1044; x_wconf 90' lang='lat' dir='ltr'>ingenio</span> <span class='ocrx_word' id='word_1_56' title='bbox 547 967 577 1024; x_wconf 88' lang='lat' dir='ltr'>et</span> <span class='ocrx_word' id='word_1_57' title='bbox 601 962 784 1024; x_wconf 89' lang='lat' dir='ltr'>auctoritate</span> <span class='ocrx_word' id='word_1_58' title='bbox 807 961 902 1042; x_wconf 77' lang='lat' dir='ltr'>huJus</span> <span class='ocrx_word' id='word_1_59' title='bbox 924 962 1086 1024; x_wconf 83' lang='lat' dir='ltr'>virimoti</span> <span class='ocrx_word' id='word_1_60' title='bbox 1109 981 1145 1025; x_wconf 90' lang='lat' dir='ltr'>eo</span> <span class='ocrx_word' id='word_1_61' title='bbox 1167 962 1384 1046; x_wconf 83' lang='lat' dir='ltr'>procederent,</span> <span class='ocrx_word' id='word_1_62' title='bbox 1411 968 1448 1026; x_wconf 93' lang='lat' dir='ltr'>ut</span> 
     </span>
     <span class='ocr_line' id='line_1_8' title="bbox 168 1065 1448 1150; baseline 0.003 -23"><span class='ocrx_word' id='word_1_63' title='bbox 168 1067 360 1147; x_wconf 81' lang='lat' dir='ltr'>argumentis</span> <span class='ocrx_word' id='word_1_64' title='bbox 384 1067 451 1148; x_wconf 89' lang='lat' dir='ltr'>ejus</span> <span class='ocrx_word' id='word_1_65' title='bbox 473 1067 537 1129; x_wconf 89' lang='lat' dir='ltr'>nisi</span> <span class='ocrx_word' id='word_1_66' title='bbox 553 1072 728 1129; x_wconf 91' lang='lat' dir='ltr'>ceterorum</span> <span class='ocrx_word' id='word_1_67' title='bbox 742 1068 863 1150; x_wconf 83' lang='lat' dir='ltr'>primae</span> <span class='ocrx_word' id='word_1_68' title='bbox 879 1065 1004 1130; x_wconf 86' lang='lat' dir='ltr'>decadis</span> <span class='ocrx_word' id='word_1_69' title='bbox 1020 1066 1173 1132; x_wconf 91' lang='lat' dir='ltr'>librorum</span> <span class='ocrx_word' id='word_1_70' title='bbox 1193 1068 1295 1132; x_wconf 87' lang='lat' dir='ltr'>fontes</span> <span class='ocrx_word' id='word_1_71' title='bbox 1311 1074 1448 1132; x_wconf 76' lang='lat' dir='ltr'>atemere</span> 
     </span>
     <span class='ocr_line' id='line_1_9' title="bbox 168 1170 1447 1256; baseline 0.002 -22"><span class='ocrx_word' id='word_1_72' title='bbox 168 1171 395 1253; x_wconf 65' lang='lat' dir='ltr'>conarenturit.</span> <span class='ocrx_word' id='word_1_73' title='bbox 452 1170 513 1235; x_wconf 90' lang='lat' dir='ltr'>Sed</span> <span class='ocrx_word' id='word_1_74' title='bbox 544 1172 578 1234; x_wconf 93' lang='lat' dir='ltr'>hi</span> <span class='ocrx_word' id='word_1_75' title='bbox 609 1173 670 1234; x_wconf 86' lang='lat' dir='ltr'>viri</span> <span class='ocrx_word' id='word_1_76' title='bbox 703 1191 828 1256; x_wconf 86' lang='lat' dir='ltr'>operam</span> <span class='ocrx_word' id='word_1_77' title='bbox 856 1173 1072 1256; x_wconf 77' lang='lat' dir='ltr'>perdiderunt3</span> <span class='ocrx_word' id='word_1_78' title='bbox 1105 1193 1180 1236; x_wconf 89' lang='lat' dir='ltr'>narn</span> <span class='ocrx_word' id='word_1_79' title='bbox 1203 1173 1447 1255; x_wconf 85' lang='lat' dir='ltr'>Heydenreichii</span> 
     </span>
     <span class='ocr_line' id='line_1_10' title="bbox 167 1277 1447 1364; baseline 0.003 -25"><span class='ocrx_word' id='word_1_80' title='bbox 167 1296 195 1338; x_wconf 81' lang='lat' dir='ltr'>r.</span> <span class='ocrx_word' id='word_1_81' title='bbox 214 1277 241 1339; x_wconf 93' lang='lat' dir='ltr'>d.</span> <span class='ocrx_word' id='word_1_82' title='bbox 265 1279 432 1362; x_wconf 90' lang='lat' dir='ltr'>praecipue</span> <span class='ocrx_word' id='word_1_83' title='bbox 456 1279 594 1341; x_wconf 84' lang='lat' dir='ltr'>acumini</span> <span class='ocrx_word' id='word_1_84' title='bbox 618 1277 776 1359; x_wconf 88' lang='lat' dir='ltr'>debemus,</span> <span class='ocrx_word' id='word_1_85' title='bbox 801 1279 885 1362; x_wconf 93' lang='lat' dir='ltr'>quod</span> <span class='ocrx_word' id='word_1_86' title='bbox 908 1278 1001 1342; x_wconf 91' lang='lat' dir='ltr'>hodie</span> <span class='ocrx_word' id='word_1_87' title='bbox 1024 1285 1209 1362; x_wconf 88' lang='lat' dir='ltr'>argumenta</span> <span class='ocrx_word' id='word_1_88' title='bbox 1228 1281 1284 1343; x_wconf 94' lang='lat' dir='ltr'>illa</span> <span class='ocrx_word' id='word_1_89' title='bbox 1297 1282 1447 1364; x_wconf 85' lang='lat' dir='ltr'>primaria</span> 
     </span>
    </p>
   </div>
   <div class='ocr_carea' id='block_1_3' title="bbox 166 1383 1569 1469">
    <p class='ocr_par' dir='ltr' id='par_1_3' title="bbox 166 1383 1569 1469">
     <span class='ocr_line' id='line_1_11' title="bbox 166 1383 1569 1469; baseline 0.002 -22"><span class='ocrx_word' id='word_1_90' title='bbox 166 1383 322 1448; x_wconf 88' lang='lat' dir='ltr'>Nitzschii</span> <span class='ocrx_word' id='word_1_91' title='bbox 344 1384 566 1468; x_wconf 86' lang='lat' dir='ltr'>vilipendenda</span> <span class='ocrx_word' id='word_1_92' title='bbox 589 1404 657 1448; x_wconf 89' lang='lat' dir='ltr'>esse</span> <span class='ocrx_word' id='word_1_93' title='bbox 683 1385 747 1448; x_wconf 90' lang='lat' dir='ltr'>fere</span> <span class='ocrx_word' id='word_1_94' title='bbox 775 1404 884 1448; x_wconf 91' lang='lat' dir='ltr'>omnes</span> <span class='ocrx_word' id='word_1_95' title='bbox 908 1390 1043 1448; x_wconf 90' lang='lat' dir='ltr'>censent.</span> <span class='ocrx_word' id='word_1_96' title='bbox 1089 1384 1337 1469; x_wconf 88' lang='lat' dir='ltr'>Diligentissime</span> <span class='ocrx_word' id='word_1_97' title='bbox 1361 1387 1447 1450; x_wconf 92' lang='lat' dir='ltr'>enim</span> <span class='ocrx_word' id='word_1_98' title='bbox 1566 1395 1569 1402; x_wconf 88' lang='lat'>&#39;</span> 
     </span>
    </p>
   </div>
   <div class='ocr_carea' id='block_1_4' title="bbox 165 1491 1448 2864">
    <p class='ocr_par' dir='ltr' id='par_1_4' title="bbox 165 1491 1448 2094">
     <span class='ocr_line' id='line_1_12' title="bbox 167 1491 1448 1578; baseline 0.002 -23"><span class='ocrx_word' id='word_1_99' title='bbox 167 1493 221 1555; x_wconf 92' lang='lat' dir='ltr'>ille</span> <span class='ocrx_word' id='word_1_100' title='bbox 243 1491 324 1573; x_wconf 62' lang='lat' dir='ltr'>virt)</span> <span class='ocrx_word' id='word_1_101' title='bbox 347 1493 433 1556; x_wconf 91' lang='lat' dir='ltr'>locos</span> <span class='ocrx_word' id='word_1_102' title='bbox 456 1493 512 1576; x_wconf 89' lang='lat' dir='ltr'>qui</span> <span class='ocrx_word' id='word_1_103' title='bbox 535 1497 566 1556; x_wconf 86' lang='lat' dir='ltr'>et</span> <span class='ocrx_word' id='word_1_104' title='bbox 584 1492 691 1556; x_wconf 77' lang='lat' dir='ltr'>favent</span> <span class='ocrx_word' id='word_1_105' title='bbox 706 1498 738 1560; x_wconf 85' lang='lat' dir='ltr'>et</span> <span class='ocrx_word' id='word_1_106' title='bbox 752 1492 877 1556; x_wconf 90' lang='lat' dir='ltr'>obstant</span> <span class='ocrx_word' id='word_1_107' title='bbox 892 1491 1046 1558; x_wconf 87' lang='lat' dir='ltr'>Nitzscbii</span> <span class='ocrx_word' id='word_1_108' title='bbox 1060 1495 1299 1575; x_wconf 78' lang='lat' dir='ltr'>ratiocinationi,</span> <span class='ocrx_word' id='word_1_109' title='bbox 1322 1495 1448 1578; x_wconf 89' lang='lat' dir='ltr'>collegit</span> 
     </span>
     <span class='ocr_line' id='line_1_13' title="bbox 167 1601 1447 1686; baseline 0 -22"><span class='ocrx_word' id='word_1_110' title='bbox 167 1605 198 1664; x_wconf 87' lang='lat' dir='ltr'>ct</span> <span class='ocrx_word' id='word_1_111' title='bbox 220 1602 426 1684; x_wconf 82' lang='lat' dir='ltr'>computavit,</span> <span class='ocrx_word' id='word_1_112' title='bbox 451 1621 547 1684; x_wconf 89' lang='lat' dir='ltr'>quam</span> <span class='ocrx_word' id='word_1_113' title='bbox 570 1606 687 1664; x_wconf 88' lang='lat' dir='ltr'>rectam</span> <span class='ocrx_word' id='word_1_114' title='bbox 704 1601 945 1684; x_wconf 88' lang='lat' dir='ltr'>argumentandi</span> <span class='ocrx_word' id='word_1_115' title='bbox 961 1601 1046 1663; x_wconf 84' lang='lat' dir='ltr'>viam</span> <span class='ocrx_word' id='word_1_116' title='bbox 1060 1602 1222 1684; x_wconf 89' lang='lat' dir='ltr'>ingressus</span> <span class='ocrx_word' id='word_1_117' title='bbox 1239 1621 1274 1664; x_wconf 94' lang='lat' dir='ltr'>eo</span> <span class='ocrx_word' id='word_1_118' title='bbox 1289 1603 1447 1686; x_wconf 91' lang='lat' dir='ltr'>pervenit,</span> 
     </span>
     <span class='ocr_line' id='line_1_14' title="bbox 166 1706 1447 1798; baseline 0.002 -29"><span class='ocrx_word' id='word_1_119' title='bbox 166 1711 202 1769; x_wconf 88' lang='lat' dir='ltr'>ut</span> <span class='ocrx_word' id='word_1_120' title='bbox 224 1706 325 1770; x_wconf 92' lang='lat' dir='ltr'>multo</span> <span class='ocrx_word' id='word_1_121' title='bbox 346 1707 453 1790; x_wconf 90' lang='lat' dir='ltr'>plures</span> <span class='ocrx_word' id='word_1_122' title='bbox 477 1712 584 1770; x_wconf 85' lang='lat' dir='ltr'>extare</span> <span class='ocrx_word' id='word_1_123' title='bbox 605 1708 690 1798; x_wconf 86' lang='lat' dir='ltr'>locos</span> <span class='ocrx_word' id='word_1_124' title='bbox 713 1709 768 1790; x_wconf 93' lang='lat' dir='ltr'>qui</span> <span class='ocrx_word' id='word_1_125' title='bbox 785 1706 996 1790; x_wconf 77' lang='lat' dir='ltr'>reprobarent,</span> <span class='ocrx_word' id='word_1_126' title='bbox 1020 1727 1116 1789; x_wconf 93' lang='lat' dir='ltr'>quam</span> <span class='ocrx_word' id='word_1_127' title='bbox 1137 1709 1192 1790; x_wconf 91' lang='lat' dir='ltr'>qui</span> <span class='ocrx_word' id='word_1_128' title='bbox 1208 1707 1447 1792; x_wconf 89' lang='lat' dir='ltr'>comprobarent</span> 
     </span>
     <span class='ocr_line' id='line_1_15' title="bbox 166 1813 1446 1898; baseline 0 -20"><span class='ocrx_word' id='word_1_129' title='bbox 166 1813 321 1878; x_wconf 85' lang='lat' dir='ltr'>Nitzschii</span> <span class='ocrx_word' id='word_1_130' title='bbox 344 1816 538 1897; x_wconf 90' lang='lat' dir='ltr'>conjecturas</span> <span class='ocrx_word' id='word_1_131' title='bbox 557 1814 661 1879; x_wconf 88' lang='lat' dir='ltr'>dicere</span> <span class='ocrx_word' id='word_1_132' title='bbox 683 1819 801 1898; x_wconf 86' lang='lat' dir='ltr'>posset;</span> <span class='ocrx_word' id='word_1_133' title='bbox 825 1814 911 1878; x_wconf 89' lang='lat' dir='ltr'>unde</span> <span class='ocrx_word' id='word_1_134' title='bbox 927 1815 1071 1897; x_wconf 88' lang='lat' dir='ltr'>sequitur</span> <span class='ocrx_word' id='word_1_135' title='bbox 1094 1816 1244 1898; x_wconf 90' lang='lat' dir='ltr'>quoniam</span> <span class='ocrx_word' id='word_1_136' title='bbox 1260 1815 1446 1879; x_wconf 87' lang='lat' dir='ltr'>fundamen-</span> 
     </span>
     <span class='ocr_line' id='line_1_16' title="bbox 165 1921 1446 2006; baseline 0.001 -21"><span class='ocrx_word' id='word_1_137' title='bbox 165 1927 235 1985; x_wconf 90' lang='lat' dir='ltr'>tum</span> <span class='ocrx_word' id='word_1_138' title='bbox 259 1942 322 2006; x_wconf 90' lang='lat' dir='ltr'>quo</span> <span class='ocrx_word' id='word_1_139' title='bbox 345 1941 398 1986; x_wconf 87' lang='lat' dir='ltr'>eas</span> <span class='ocrx_word' id='word_1_140' title='bbox 421 1921 574 1986; x_wconf 75' lang='lat' dir='ltr'>stabilivit</span> <span class='ocrx_word' id='word_1_141' title='bbox 599 1921 796 1986; x_wconf 90' lang='lat' dir='ltr'>subtractum</span> <span class='ocrx_word' id='word_1_142' title='bbox 819 1927 875 2003; x_wconf 87' lang='lat' dir='ltr'>est,</span> <span class='ocrx_word' id='word_1_143' title='bbox 898 1923 993 1985; x_wconf 86' lang='lat' dir='ltr'>etiam</span> <span class='ocrx_word' id='word_1_144' title='bbox 1016 1922 1242 2004; x_wconf 83' lang='lat' dir='ltr'>conclusiones,</span> <span class='ocrx_word' id='word_1_145' title='bbox 1266 1943 1345 2006; x_wconf 91' lang='lat' dir='ltr'>quas</span> <span class='ocrx_word' id='word_1_146' title='bbox 1373 1923 1446 1987; x_wconf 92' lang='lat' dir='ltr'>inde</span> 
     </span>
     <span class='ocr_line' id='line_1_17' title="bbox 165 2029 637 2094; baseline 0.002 -3"><span class='ocrx_word' id='word_1_147' title='bbox 165 2029 239 2093; x_wconf 87' lang='lat' dir='ltr'>iecit</span> <span class='ocrx_word' id='word_1_148' title='bbox 260 2029 441 2094; x_wconf 88' lang='lat' dir='ltr'>Nitzschius</span> <span class='ocrx_word' id='word_1_149' title='bbox 465 2029 637 2093; x_wconf 90' lang='lat' dir='ltr'>concidere.</span> 
     </span>
    </p>

    <p class='ocr_par' dir='ltr' id='par_1_5' title="bbox 165 2133 1448 2864">
     <span class='ocr_line' id='line_1_18' title="bbox 256 2133 1442 2219; baseline -0.002 -19"><span class='ocrx_word' id='word_1_150' title='bbox 256 2133 325 2212; x_wconf 77' lang='lat' dir='ltr'>Qua</span> <span class='ocrx_word' id='word_1_151' title='bbox 347 2135 593 2217; x_wconf 89' lang='lat' dir='ltr'>Heydenreichii</span> <span class='ocrx_word' id='word_1_152' title='bbox 616 2136 879 2199; x_wconf 85' lang='lat' dir='ltr'>commentatione</span> <span class='ocrx_word' id='word_1_153' title='bbox 903 2155 1097 2219; x_wconf 90' lang='lat' dir='ltr'>quamquam</span> <span class='ocrx_word' id='word_1_154' title='bbox 1120 2137 1257 2199; x_wconf 90' lang='lat' dir='ltr'>multum</span> <span class='ocrx_word' id='word_1_155' title='bbox 1280 2134 1381 2216; x_wconf 89' lang='lat' dir='ltr'>abest,</span> <span class='ocrx_word' id='word_1_156' title='bbox 1408 2139 1442 2198; x_wconf 91' lang='lat' dir='ltr'>ut</span> 
     </span>
     <span class='ocr_line' id='line_1_19' title="bbox 166 2241 1448 2327; baseline -0.001 -21"><span class='ocrx_word' id='word_1_157' title='bbox 166 2245 269 2308; x_wconf 92' lang='lat' dir='ltr'>omnis</span> <span class='ocrx_word' id='word_1_158' title='bbox 291 2245 361 2308; x_wconf 91' lang='lat' dir='ltr'>laus</span> <span class='ocrx_word' id='word_1_159' title='bbox 386 2263 482 2327; x_wconf 88' lang='lat' dir='ltr'>quam</span> <span class='ocrx_word' id='word_1_160' title='bbox 505 2245 560 2306; x_wconf 93' lang='lat' dir='ltr'>illo</span> <span class='ocrx_word' id='word_1_161' title='bbox 580 2242 661 2306; x_wconf 91' lang='lat' dir='ltr'>libro</span> <span class='ocrx_word' id='word_1_162' title='bbox 678 2242 739 2306; x_wconf 91' lang='lat' dir='ltr'>sibi</span> <span class='ocrx_word' id='word_1_163' title='bbox 753 2245 876 2327; x_wconf 84' lang='lat' dir='ltr'>paravit</span> <span class='ocrx_word' id='word_1_164' title='bbox 890 2241 1085 2324; x_wconf 86' lang='lat' dir='ltr'>Nitzschius,</span> <span class='ocrx_word' id='word_1_165' title='bbox 1108 2245 1137 2306; x_wconf 88' lang='lat' dir='ltr'>ei</span> <span class='ocrx_word' id='word_1_166' title='bbox 1154 2244 1316 2327; x_wconf 88' lang='lat' dir='ltr'>eripiatur,</span> <span class='ocrx_word' id='word_1_167' title='bbox 1341 2249 1448 2306; x_wconf 88' lang='lat' dir='ltr'>tamen</span> 
     </span>
     <span class='ocr_line' id='line_1_20' title="bbox 167 2349 1445 2436; baseline -0.001 -21"><span class='ocrx_word' id='word_1_168' title='bbox 167 2353 318 2436; x_wconf 90' lang='lat' dir='ltr'>quoniam</span> <span class='ocrx_word' id='word_1_169' title='bbox 350 2353 466 2416; x_wconf 85' lang='lat' dir='ltr'>iterum</span> <span class='ocrx_word' id='word_1_170' title='bbox 496 2351 536 2414; x_wconf 91' lang='lat' dir='ltr'>de</span> <span class='ocrx_word' id='word_1_171' title='bbox 562 2350 702 2414; x_wconf 83' lang='lat' dir='ltr'>fontibus</span> <span class='ocrx_word' id='word_1_172' title='bbox 729 2349 803 2414; x_wconf 90' lang='lat' dir='ltr'>libri</span> <span class='ocrx_word' id='word_1_173' title='bbox 829 2351 950 2434; x_wconf 82' lang='lat' dir='ltr'>primae</span> <span class='ocrx_word' id='word_1_174' title='bbox 974 2351 1098 2414; x_wconf 89' lang='lat' dir='ltr'>decadis</span> <span class='ocrx_word' id='word_1_175' title='bbox 1122 2351 1311 2434; x_wconf 82' lang='lat' dir='ltr'>disputaturi</span> <span class='ocrx_word' id='word_1_176' title='bbox 1334 2369 1445 2414; x_wconf 89' lang='lat' dir='ltr'>sumus</span> 
     </span>
     <span class='ocr_line' id='line_1_21' title="bbox 166 2455 1445 2540; baseline 0 -20"><span class='ocrx_word' id='word_1_177' title='bbox 166 2459 238 2540; x_wconf 86' lang='lat' dir='ltr'>jure</span> <span class='ocrx_word' id='word_1_178' title='bbox 260 2463 368 2521; x_wconf 87' lang='lat' dir='ltr'>nostro</span> <span class='ocrx_word' id='word_1_179' title='bbox 392 2457 520 2520; x_wconf 88' lang='lat' dir='ltr'>aliunde</span> <span class='ocrx_word' id='word_1_180' title='bbox 542 2456 784 2540; x_wconf 86' lang='lat' dir='ltr'>proficiscemur.</span> <span class='ocrx_word' id='word_1_181' title='bbox 831 2455 904 2520; x_wconf 84' lang='lat' dir='ltr'>Jam</span> <span class='ocrx_word' id='word_1_182' title='bbox 927 2475 1001 2520; x_wconf 84' lang='lat' dir='ltr'>vero</span> <span class='ocrx_word' id='word_1_183' title='bbox 1024 2461 1060 2520; x_wconf 92' lang='lat' dir='ltr'>ut</span> <span class='ocrx_word' id='word_1_184' title='bbox 1075 2455 1262 2537; x_wconf 78' lang='lat' dir='ltr'>Nissenus5)</span> <span class='ocrx_word' id='word_1_185' title='bbox 1286 2457 1445 2540; x_wconf 90' lang='lat' dir='ltr'>quondam</span> 
     </span>
     <span class='ocr_line' id='line_1_22' title="bbox 166 2563 1444 2650; baseline -0.002 -21"><span class='ocrx_word' id='word_1_186' title='bbox 166 2585 207 2629; x_wconf 81' lang='lat' dir='ltr'>ex</span> <span class='ocrx_word' id='word_1_187' title='bbox 229 2584 267 2629; x_wconf 90' lang='lat' dir='ltr'>ea</span> <span class='ocrx_word' id='word_1_188' title='bbox 288 2570 377 2650; x_wconf 86' lang='lat' dir='ltr'>parte</span> <span class='ocrx_word' id='word_1_189' title='bbox 400 2566 502 2649; x_wconf 88' lang='lat' dir='ltr'>operis</span> <span class='ocrx_word' id='word_1_190' title='bbox 522 2563 647 2627; x_wconf 77' lang='lat' dir='ltr'>Liviani</span> <span class='ocrx_word' id='word_1_191' title='bbox 671 2563 859 2646; x_wconf 87' lang='lat' dir='ltr'>ordiebatur,</span> <span class='ocrx_word' id='word_1_192' title='bbox 881 2566 915 2627; x_wconf 92' lang='lat' dir='ltr'>in</span> <span class='ocrx_word' id='word_1_193' title='bbox 933 2584 996 2648; x_wconf 89' lang='lat' dir='ltr'>qua</span> <span class='ocrx_word' id='word_1_194' title='bbox 1017 2566 1133 2648; x_wconf 89' lang='lat' dir='ltr'>optime</span> <span class='ocrx_word' id='word_1_195' title='bbox 1148 2563 1274 2646; x_wconf 88' lang='lat' dir='ltr'>Polybii</span> <span class='ocrx_word' id='word_1_196' title='bbox 1297 2571 1329 2628; x_wconf 92' lang='lat' dir='ltr'>et</span> <span class='ocrx_word' id='word_1_197' title='bbox 1350 2567 1444 2648; x_wconf 80' lang='lat' dir='ltr'>scrip</span> 
     </span>
     <span class='ocr_line' id='line_1_23' title="bbox 165 2671 1441 2756; baseline -0.001 -21"><span class='ocrx_word' id='word_1_198' title='bbox 165 2692 257 2736; x_wconf 92' lang='lat' dir='ltr'>orum</span> <span class='ocrx_word' id='word_1_199' title='bbox 283 2672 498 2736; x_wconf 90' lang='lat' dir='ltr'>Romanorum</span> <span class='ocrx_word' id='word_1_200' title='bbox 530 2673 696 2736; x_wconf 90' lang='lat' dir='ltr'>relationes</span> <span class='ocrx_word' id='word_1_201' title='bbox 730 2672 867 2736; x_wconf 87' lang='lat' dir='ltr'>discerni</span> <span class='ocrx_word' id='word_1_202' title='bbox 897 2678 1038 2756; x_wconf 86' lang='lat' dir='ltr'>possent,</span> <span class='ocrx_word' id='word_1_203' title='bbox 1075 2673 1120 2736; x_wconf 90' lang='lat' dir='ltr'>ita</span> <span class='ocrx_word' id='word_1_204' title='bbox 1151 2692 1209 2736; x_wconf 89' lang='lat' dir='ltr'>nos</span> <span class='ocrx_word' id='word_1_205' title='bbox 1245 2674 1307 2756; x_wconf 89' lang='lat' dir='ltr'>ipsi</span> <span class='ocrx_word' id='word_1_206' title='bbox 1342 2671 1379 2734; x_wconf 92' lang='lat' dir='ltr'>de</span> <span class='ocrx_word' id='word_1_207' title='bbox 1406 2689 1441 2734; x_wconf 91' lang='lat' dir='ltr'>eo</span> 
     </span>
     <span class='ocr_line' id='line_1_24' title="bbox 165 2779 1444 2864; baseline 0 -22"><span class='ocrx_word' id='word_1_208' title='bbox 165 2780 245 2844; x_wconf 90' lang='lat' dir='ltr'>libro</span> <span class='ocrx_word' id='word_1_209' title='bbox 272 2783 392 2864; x_wconf 89' lang='lat' dir='ltr'>primae</span> <span class='ocrx_word' id='word_1_210' title='bbox 421 2781 545 2844; x_wconf 90' lang='lat' dir='ltr'>decadis</span> <span class='ocrx_word' id='word_1_211' title='bbox 575 2781 777 2862; x_wconf 89' lang='lat' dir='ltr'>disseremus,</span> <span class='ocrx_word' id='word_1_212' title='bbox 805 2781 839 2842; x_wconf 93' lang='lat' dir='ltr'>in</span> <span class='ocrx_word' id='word_1_213' title='bbox 865 2799 941 2863; x_wconf 92' lang='lat' dir='ltr'>quo,</span> <span class='ocrx_word' id='word_1_214' title='bbox 970 2782 1026 2863; x_wconf 89' lang='lat' dir='ltr'>qui</span> <span class='ocrx_word' id='word_1_215' title='bbox 1049 2779 1267 2844; x_wconf 76' lang='lat' dir='ltr'>adhibiti&#39;sint</span> <span class='ocrx_word' id='word_1_216' title='bbox 1295 2784 1444 2858; x_wconf 87' lang='lat' dir='ltr'>auctores,</span> 
     </span>
    </p>
   </div>
   <div class='ocr_carea' id='block_1_5' title="bbox 165 2882 1445 3612">
    <p class='ocr_par' dir='ltr' id='par_1_6' title="bbox 165 2882 1445 3612">
     <span class='ocr_line' id='line_1_25' title="bbox 165 2882 1444 2973; baseline -0.001 -23"><span class='ocrx_word' id='word_1_217' title='bbox 165 2882 265 2973; x_wconf 87' lang='lat' dir='ltr'>ipsius</span> <span class='ocrx_word' id='word_1_218' title='bbox 287 2887 370 2950; x_wconf 85' lang='lat' dir='ltr'>Livii</span> <span class='ocrx_word' id='word_1_219' title='bbox 392 2889 581 2951; x_wconf 90' lang='lat' dir='ltr'>testimoniis</span> <span class='ocrx_word' id='word_1_220' title='bbox 604 2889 743 2951; x_wconf 80' lang='lat' dir='ltr'>maxime</span> <span class='ocrx_word' id='word_1_221' title='bbox 765 2889 967 2972; x_wconf 91' lang='lat' dir='ltr'>perspicuum</span> <span class='ocrx_word' id='word_1_222' title='bbox 992 2893 1045 2952; x_wconf 91' lang='lat' dir='ltr'>est.</span> <span class='ocrx_word' id='word_1_223' title='bbox 1084 2887 1197 2971; x_wconf 87' lang='lat' dir='ltr'>Neque</span> <span class='ocrx_word' id='word_1_224' title='bbox 1220 2889 1304 2950; x_wconf 90' lang='lat' dir='ltr'>enim</span> <span class='ocrx_word' id='word_1_225' title='bbox 1329 2889 1362 2949; x_wconf 92' lang='lat' dir='ltr'>in</span> <span class='ocrx_word' id='word_1_226' title='bbox 1379 2887 1444 2951; x_wconf 94' lang='lat' dir='ltr'>ullo</span> 
     </span>
     <span class='ocr_line' id='line_1_26' title="bbox 165 2993 1444 3078; baseline 0 -22"><span class='ocrx_word' id='word_1_227' title='bbox 165 2995 285 3078; x_wconf 88' lang='lat' dir='ltr'>primae</span> <span class='ocrx_word' id='word_1_228' title='bbox 301 2993 425 3056; x_wconf 89' lang='lat' dir='ltr'>decadis</span> <span class='ocrx_word' id='word_1_229' title='bbox 440 2993 521 3057; x_wconf 91' lang='lat' dir='ltr'>libro</span> <span class='ocrx_word' id='word_1_230' title='bbox 537 2994 718 3078; x_wconf 89' lang='lat' dir='ltr'>diligentius</span> <span class='ocrx_word' id='word_1_231' title='bbox 734 2998 879 3056; x_wconf 85' lang='lat' dir='ltr'>nostrum</span> <span class='ocrx_word' id='word_1_232' title='bbox 895 2993 1030 3056; x_wconf 87' lang='lat' dir='ltr'>aliorum</span> <span class='ocrx_word' id='word_1_233' title='bbox 1047 2995 1235 3078; x_wconf 90' lang='lat' dir='ltr'>scriptorum</span> <span class='ocrx_word' id='word_1_234' title='bbox 1251 2995 1444 3057; x_wconf 89' lang='lat' dir='ltr'>narrationes</span> 
     </span>
     <span class='ocr_line' id='line_1_27' title="bbox 165 3101 1445 3184; baseline 0.001 -20"><span class='ocrx_word' id='word_1_235' title='bbox 165 3119 327 3165; x_wconf 86' lang='lat' dir='ltr'>recensere</span> <span class='ocrx_word' id='word_1_236' title='bbox 359 3107 413 3164; x_wconf 87' lang='lat' dir='ltr'>aut</span> <span class='ocrx_word' id='word_1_237' title='bbox 448 3102 562 3165; x_wconf 90' lang='lat' dir='ltr'>melius</span> <span class='ocrx_word' id='word_1_238' title='bbox 599 3103 823 3165; x_wconf 86' lang='lat' dir='ltr'>commissuras</span> <span class='ocrx_word' id='word_1_239' title='bbox 855 3106 885 3163; x_wconf 89' lang='lat' dir='ltr'>et</span> <span class='ocrx_word' id='word_1_240' title='bbox 916 3102 1044 3165; x_wconf 80' lang='lat' dir='ltr'>vincula</span> <span class='ocrx_word' id='word_1_241' title='bbox 1078 3101 1274 3184; x_wconf 87' lang='lat' dir='ltr'>singularum</span> <span class='ocrx_word' id='word_1_242' title='bbox 1307 3102 1445 3184; x_wconf 88' lang='lat' dir='ltr'>partium</span> 
     </span>
     <span class='ocr_line' id='line_1_28' title="bbox 166 3208 1445 3294; baseline 0 -22"><span class='ocrx_word' id='word_1_243' title='bbox 166 3211 312 3294; x_wconf 86' lang='lat' dir='ltr'>cognosci</span> <span class='ocrx_word' id='word_1_244' title='bbox 327 3228 418 3293; x_wconf 89' lang='lat' dir='ltr'>posse</span> <span class='ocrx_word' id='word_1_245' title='bbox 435 3230 531 3293; x_wconf 90' lang='lat' dir='ltr'>qnam</span> <span class='ocrx_word' id='word_1_246' title='bbox 546 3211 581 3272; x_wconf 92' lang='lat' dir='ltr'>in</span> <span class='ocrx_word' id='word_1_247' title='bbox 597 3210 726 3291; x_wconf 90' lang='lat' dir='ltr'>decimo,</span> <span class='ocrx_word' id='word_1_248' title='bbox 742 3209 793 3272; x_wconf 84' lang='lat' dir='ltr'>vel</span> <span class='ocrx_word' id='word_1_249' title='bbox 807 3209 919 3272; x_wconf 83' lang='lat' dir='ltr'>leviter</span> <span class='ocrx_word' id='word_1_250' title='bbox 933 3210 1068 3292; x_wconf 87' lang='lat' dir='ltr'>primam</span> <span class='ocrx_word' id='word_1_251' title='bbox 1084 3208 1233 3272; x_wconf 90' lang='lat' dir='ltr'>decadem</span> <span class='ocrx_word' id='word_1_252' title='bbox 1244 3209 1445 3293; x_wconf 89' lang='lat' dir='ltr'>perlustranti</span> 
     </span>
     <span class='ocr_line' id='line_1_29' title="bbox 166 3313 1444 3400; baseline 0 -22"><span class='ocrx_word' id='word_1_253' title='bbox 166 3313 366 3400; x_wconf 78' lang='lat' dir='ltr'>apparebit.⁶)</span> <span class='ocrx_word' id='word_1_254' title='bbox 412 3315 513 3399; x_wconf 77' lang='lat' dir='ltr'>Atqui</span> <span class='ocrx_word' id='word_1_255' title='bbox 544 3335 595 3379; x_wconf 89' lang='lat' dir='ltr'>me</span> <span class='ocrx_word' id='word_1_256' title='bbox 626 3334 692 3378; x_wconf 92' lang='lat' dir='ltr'>non</span> <span class='ocrx_word' id='word_1_257' title='bbox 716 3317 863 3400; x_wconf 89' lang='lat' dir='ltr'>praeterit</span> <span class='ocrx_word' id='word_1_258' title='bbox 893 3320 1057 3398; x_wconf 88' lang='lat' dir='ltr'>propterea</span> <span class='ocrx_word' id='word_1_259' title='bbox 1089 3315 1273 3399; x_wconf 80' lang='lat' dir='ltr'>perdifficile</span> <span class='ocrx_word' id='word_1_260' title='bbox 1305 3333 1373 3379; x_wconf 89' lang='lat' dir='ltr'>esse</span> <span class='ocrx_word' id='word_1_261' title='bbox 1408 3316 1444 3378; x_wconf 90' lang='lat' dir='ltr'>de</span> 
     </span>
     <span class='ocr_line' id='line_1_30' title="bbox 165 3421 1444 3506; baseline 0.001 -22"><span class='ocrx_word' id='word_1_262' title='bbox 165 3421 305 3486; x_wconf 87' lang='lat' dir='ltr'>fontibus</span> <span class='ocrx_word' id='word_1_263' title='bbox 329 3421 402 3485; x_wconf 91' lang='lat' dir='ltr'>libri</span> <span class='ocrx_word' id='word_1_264' title='bbox 426 3422 538 3485; x_wconf 87' lang='lat' dir='ltr'>decimi</span> <span class='ocrx_word' id='word_1_265' title='bbox 567 3423 766 3506; x_wconf 87' lang='lat' dir='ltr'>quaestiones</span> <span class='ocrx_word' id='word_1_266' title='bbox 793 3422 958 3484; x_wconf 88' lang='lat' dir='ltr'>instituere</span> <span class='ocrx_word' id='word_1_267' title='bbox 986 3421 1070 3504; x_wconf 90' lang='lat' dir='ltr'>quod</span> <span class='ocrx_word' id='word_1_268' title='bbox 1098 3441 1172 3484; x_wconf 91' lang='lat' dir='ltr'>curn</span> <span class='ocrx_word' id='word_1_269' title='bbox 1195 3421 1329 3484; x_wconf 86' lang='lat' dir='ltr'>aliorum</span> <span class='ocrx_word' id='word_1_270' title='bbox 1350 3422 1444 3506; x_wconf 90' lang='lat' dir='ltr'>scrip·</span> 
     </span>
     <span class='ocr_line' id='line_1_31' title="bbox 165 3526 1443 3612; baseline 0 -21"><span class='ocrx_word' id='word_1_271' title='bbox 165 3533 271 3592; x_wconf 92' lang='lat' dir='ltr'>torum</span> <span class='ocrx_word' id='word_1_272' title='bbox 293 3547 451 3612; x_wconf 88' lang='lat' dir='ltr'>perpauca</span> <span class='ocrx_word' id='word_1_273' title='bbox 473 3528 512 3592; x_wconf 89' lang='lat' dir='ltr'>de</span> <span class='ocrx_word' id='word_1_274' title='bbox 535 3547 572 3592; x_wconf 89' lang='lat' dir='ltr'>eo</span> <span class='ocrx_word' id='word_1_275' title='bbox 596 3535 734 3612; x_wconf 90' lang='lat' dir='ltr'>tempore</span> <span class='ocrx_word' id='word_1_276' title='bbox 756 3527 892 3591; x_wconf 83' lang='lat' dir='ltr'>frustula</span> <span class='ocrx_word' id='word_1_277' title='bbox 915 3531 1037 3608; x_wconf 82' lang='lat' dir='ltr'>extant,</span> <span class='ocrx_word' id='word_1_278' title='bbox 1062 3531 1131 3590; x_wconf 92' lang='lat' dir='ltr'>tum</span> <span class='ocrx_word' id='word_1_279' title='bbox 1146 3526 1280 3590; x_wconf 90' lang='lat' dir='ltr'>Diodori</span> <span class='ocrx_word' id='word_1_280' title='bbox 1294 3526 1443 3591; x_wconf 87' lang='lat' dir='ltr'>brevibus</span> 
     </span>
    </p>
   </div>
   <div class='ocr_carea' id='block_1_6' title="bbox 167 3791 1444 4574">
    <p class='ocr_par' dir='ltr' id='par_1_7' title="bbox 263 3791 539 3863">
     <span class='ocr_line' id='line_1_32' title="bbox 263 3791 539 3863; baseline 0 -17"><span class='ocrx_word' id='word_1_281' title='bbox 263 3792 283 3863; x_wconf 91' lang='lat'>¹)</span> <span class='ocrx_word' id='word_1_282' title='bbox 302 3791 374 3846; x_wconf 88' lang='lat' dir='ltr'>conf.</span> <span class='ocrx_word' id='word_1_283' title='bbox 393 3809 458 3862; x_wconf 86' lang='lat' dir='ltr'>pag.</span> <span class='ocrx_word' id='word_1_284' title='bbox 481 3792 539 3846; x_wconf 82' lang='lat'>155.</span> 
     </span>
    </p>

    <p class='ocr_par' dir='ltr' id='par_1_8' title="bbox 168 3879 1444 4040">
     <span class='ocr_line' id='line_1_33' title="bbox 256 3879 1444 3952; baseline -0.001 -17"><span class='ocrx_word' id='word_1_285' title='bbox 256 3881 375 3951; x_wconf 77' lang='lat' dir='ltr'>²)(ionf.</span> <span class='ocrx_word' id='word_1_286' title='bbox 400 3881 550 3951; x_wconf 82' lang='lat' dir='ltr'>praecipue</span> <span class='ocrx_word' id='word_1_287' title='bbox 573 3881 784 3952; x_wconf 86' lang='lat' dir='ltr'>Heydenreichii</span> <span class='ocrx_word' id='word_1_288' title='bbox 818 3880 1097 3936; x_wconf 84' lang='lat' dir='ltr'>commentationem:</span> <span class='ocrx_word' id='word_1_289' title='bbox 1131 3879 1233 3934; x_wconf 79' lang='lat' dir='ltr'>Fabius</span> <span class='ocrx_word' id='word_1_290' title='bbox 1260 3880 1357 3936; x_wconf 87' lang='lat' dir='ltr'>Pictor</span> <span class='ocrx_word' id='word_1_291' title='bbox 1387 3881 1444 3936; x_wconf 88' lang='lat' dir='ltr'>und</span> 
     </span>
     <span class='ocr_line' id='line_1_34' title="bbox 168 3968 600 4040; baseline 0.002 -17"><span class='ocrx_word' id='word_1_292' title='bbox 168 3968 270 4034; x_wconf 85' lang='lat' dir='ltr'>Livius,</span> <span class='ocrx_word' id='word_1_293' title='bbox 289 3969 422 4040; x_wconf 85' lang='lat' dir='ltr'>Freiberg</span> <span class='ocrx_word' id='word_1_294' title='bbox 442 3970 510 4024; x_wconf 80' lang='grc'><strong>1878</strong></span> <span class='ocrx_word' id='word_1_295' title='bbox 528 3989 555 4040; x_wconf 92' lang='lat' dir='ltr'>p.</span> <span class='ocrx_word' id='word_1_296' title='bbox 576 3971 600 4024; x_wconf 89' lang='lat'>5.</span> 
     </span>
    </p>

    <p class='ocr_par' dir='ltr' id='par_1_9' title="bbox 257 4056 884 4128">
     <span class='ocr_line' id='line_1_35' title="bbox 257 4056 884 4128; baseline 0 -17"><span class='ocrx_word' id='word_1_297' title='bbox 257 4057 278 4128; x_wconf 82' lang='lat'>³)</span> <span class='ocrx_word' id='word_1_298' title='bbox 299 4057 442 4113; x_wconf 87' lang='lat' dir='ltr'>Glasonius</span> <span class='ocrx_word' id='word_1_299' title='bbox 461 4061 539 4113; x_wconf 89' lang='lat' dir='ltr'>totus</span> <span class='ocrx_word' id='word_1_300' title='bbox 558 4057 732 4113; x_wconf 85' lang='lat' dir='ltr'>Nitzschium</span> <span class='ocrx_word' id='word_1_301' title='bbox 750 4056 884 4128; x_wconf 86' lang='lat' dir='ltr'>sequitur.</span> 
     </span>
    </p>

    <p class='ocr_par' dir='ltr' id='par_1_10' title="bbox 258 4147 1148 4217">
     <span class='ocr_line' id='line_1_36' title="bbox 258 4147 1148 4217; baseline -0.001 -16"><span class='ocrx_word' id='word_1_302' title='bbox 258 4149 280 4215; x_wconf 81' lang='lat'>⁴)</span> <span class='ocrx_word' id='word_1_303' title='bbox 301 4147 432 4204; x_wconf 73' lang='lat' dir='ltr'>Conferat</span> <span class='ocrx_word' id='word_1_304' title='bbox 451 4165 555 4217; x_wconf 89' lang='lat' dir='ltr'>quaeso</span> <span class='ocrx_word' id='word_1_305' title='bbox 575 4151 756 4203; x_wconf 88' lang='lat' dir='ltr'>commentat.</span> <span class='ocrx_word' id='word_1_306' title='bbox 776 4164 861 4217; x_wconf 88' lang='lat' dir='ltr'>supra</span> <span class='ocrx_word' id='word_1_307' title='bbox 878 4147 953 4202; x_wconf 90' lang='lat' dir='ltr'>laud.</span> <span class='ocrx_word' id='word_1_308' title='bbox 971 4165 999 4217; x_wconf 88' lang='lat' dir='ltr'>p.</span> <span class='ocrx_word' id='word_1_309' title='bbox 1021 4147 1054 4200; x_wconf 84' lang='lat'>14</span> <span class='ocrx_word' id='word_1_310' title='bbox 1073 4164 1148 4216; x_wconf 84' lang='lat' dir='ltr'>seqq.</span> 
     </span>
    </p>

    <p class='ocr_par' dir='ltr' id='par_1_11' title="bbox 167 4234 1443 4381">
     <span class='ocr_line' id='line_1_37' title="bbox 257 4234 1443 4308; baseline -0.001 -18"><span class='ocrx_word' id='word_1_311' title='bbox 257 4237 279 4307; x_wconf 84' lang='lat'>⁵)</span> <span class='ocrx_word' id='word_1_312' title='bbox 297 4239 330 4291; x_wconf 91' lang='lat' dir='ltr'>ln</span> <span class='ocrx_word' id='word_1_313' title='bbox 347 4238 419 4293; x_wconf 92' lang='lat' dir='ltr'>libro</span> <span class='ocrx_word' id='word_1_314' title='bbox 444 4237 493 4308; x_wconf 91' lang='lat' dir='ltr'>qui</span> <span class='ocrx_word' id='word_1_315' title='bbox 515 4237 690 4294; x_wconf 84' lang='lat' dir='ltr'>inscribitur:</span> <span class='ocrx_word' id='word_1_316' title='bbox 713 4236 853 4291; x_wconf 87' lang='lat' dir='ltr'>Kritische</span> <span class='ocrx_word' id='word_1_317' title='bbox 876 4237 1130 4308; x_wconf 88' lang='lat' dir='ltr'>Unterauchungen</span> <span class='ocrx_word' id='word_1_318' title='bbox 1154 4237 1240 4291; x_wconf 89' lang='lat' dir='ltr'>ueber</span> <span class='ocrx_word' id='word_1_319' title='bbox 1258 4235 1302 4290; x_wconf 81' lang='lat' dir='ltr'>die</span> <span class='ocrx_word' id='word_1_320' title='bbox 1327 4234 1443 4300; x_wconf 86' lang='lat' dir='ltr'>Quellen</span> 
     </span>
     <span class='ocr_line' id='line_1_38' title="bbox 167 4323 1089 4381; baseline 0.001 -3"><span class='ocrx_word' id='word_1_321' title='bbox 167 4325 215 4378; x_wconf 90' lang='lat' dir='ltr'>der</span> <span class='ocrx_word' id='word_1_322' title='bbox 231 4324 340 4380; x_wconf 82' lang='lat' dir='ltr'>vierten</span> <span class='ocrx_word' id='word_1_323' title='bbox 359 4325 416 4380; x_wconf 90' lang='lat' dir='ltr'>und</span> <span class='ocrx_word' id='word_1_324' title='bbox 433 4326 544 4381; x_wconf 85' lang='lat' dir='ltr'>fiinften</span> <span class='ocrx_word' id='word_1_325' title='bbox 562 4325 672 4381; x_wconf 76' lang='lat' dir='ltr'>Decede</span> <span class='ocrx_word' id='word_1_326' title='bbox 691 4326 739 4380; x_wconf 89' lang='lat' dir='ltr'>des</span> <span class='ocrx_word' id='word_1_327' title='bbox 758 4324 858 4379; x_wconf 81' lang='lat' dir='ltr'>Livius.</span> <span class='ocrx_word' id='word_1_328' title='bbox 895 4323 990 4379; x_wconf 89' lang='lat' dir='ltr'>Berlin</span> <span class='ocrx_word' id='word_1_329' title='bbox 1010 4324 1089 4379; x_wconf 87' lang='grc'><strong>1863.</strong></span> 
     </span>
    </p>

    <p class='ocr_par' dir='ltr' id='par_1_12' title="bbox 169 4409 1443 4574">
     <span class='ocr_line' id='line_1_39' title="bbox 259 4409 1443 4485; baseline -0.002 -17"><span class='ocrx_word' id='word_1_330' title='bbox 259 4413 279 4485; x_wconf 80' lang='lat'>⁸)</span> <span class='ocrx_word' id='word_1_331' title='bbox 299 4414 375 4468; x_wconf 82' lang='lat' dir='ltr'>Gonf.</span> <span class='ocrx_word' id='word_1_332' title='bbox 395 4415 424 4469; x_wconf 76' lang='lat' dir='ltr'>Il.</span> <span class='ocrx_word' id='word_1_333' title='bbox 444 4415 617 4470; x_wconf 79' lang='lat' dir='ltr'>lachmanni</span> <span class='ocrx_word' id='word_1_334' title='bbox 636 4413 915 4469; x_wconf 85' lang='lat' dir='ltr'>commentationem:</span> <span class='ocrx_word' id='word_1_335' title='bbox 934 4413 968 4467; x_wconf 89' lang='lat' dir='ltr'>de</span> <span class='ocrx_word' id='word_1_336' title='bbox 985 4411 1111 4466; x_wconf 89' lang='lat' dir='ltr'>fontibus</span> <span class='ocrx_word' id='word_1_337' title='bbox 1129 4410 1309 4466; x_wconf 84' lang='lat' dir='ltr'>historiarum</span> <span class='ocrx_word' id='word_1_338' title='bbox 1329 4409 1358 4466; x_wconf 80' lang='grc' dir='ltr'>Τ.</span> <span class='ocrx_word' id='word_1_339' title='bbox 1374 4410 1443 4466; x_wconf 76' lang='lat' dir='ltr'>nivii</span> 
     </span>
     <span class='ocr_line' id='line_1_40' title="bbox 169 4501 578 4574; baseline 0.007 -19"><span class='ocrx_word' id='word_1_340' title='bbox 169 4503 187 4557; x_wconf 90' lang='grc'>[·.</span> <span class='ocrx_word' id='word_1_341' title='bbox 206 4520 234 4572; x_wconf 87' lang='lat' dir='ltr'>p.</span> <span class='ocrx_word' id='word_1_342' title='bbox 256 4502 297 4556; x_wconf 82' lang='lat'>73.</span> <span class='ocrx_word' id='word_1_343' title='bbox 318 4501 480 4574; x_wconf 74' lang='lat' dir='ltr'>thtingen.</span> <span class='ocrx_word' id='word_1_344' title='bbox 502 4503 578 4558; x_wconf 79' lang='lat'>1822.</span> 
     </span>
    </p>
   </div>
   <div class='ocr_carea' id='block_1_7' title="bbox 0 0 1612 5082">
    <p class='ocr_par' dir='ltr' id='par_1_13' title="bbox 0 0 1612 5082">
     <span class='ocr_line' id='line_1_41' title="bbox 0 0 1612 5082; baseline 0 0"><span class='ocrx_word' id='word_1_345' title='bbox 0 0 1612 5082; x_wconf 95' lang='lat' dir='ltr'> </span> 
     </span>
    </p>
   </div>
  </div>
 </body>
</html>
