3216 5082
256 1350 323 1414 lam
351 1357 388 1414 ut
415 1351 641 1434 dissertationi,
671 1373 766 1436 quam
795 1355 970 1437 scripturus
999 1373 1084 1434 sum,
1111 1352 1239 1416 firmum
1266 1351 1451 1415 substruam

167 1456 424 1539 fundamentum,
463 1457 693 1522 exordiendum
727 1477 795 1522 esse
828 1457 962 1522 arbitror
988 1459 1062 1523 inde
1094 1458 1289 1542 acepitibus
1310 1456 1451 1521 lH—V.

168 1560 278 1624 Livius
301 1567 468 1646 postquam
489 1582 569 1646 quae
594 1563 633 1626 M.
645 1563 792 1628 Valerius
810 1564 970 1628 Maximus
994 1565 1126 1628 dictator
1149 1566 1279 1648 ejusque
1300 1566 1454 1649 magister

170 1670 313 1752 equitum
343 1675 506 1752 gesserant
536 1672 690 1752 narravit,
725 1671 802 1734 haec
834 1671 932 1734 addit:
972 1670 1084 1734 »habeo
1117 1675 1259 1734 auctores
1287 1671 1355 1734 sine
1382 1671 1452 1734 ullo

169 1776 365 1840 memorabili
397 1778 515 1861 proelio
542 1785 684 1862 pacatam
714 1777 753 1841 ab
782 1779 931 1842 dictatore
959 1777 1119 1842 Etruriam
1147 1797 1215 1842 esse
1244 1778 1454 1842 seditionibus

169 1888 295 1947 tantum
310 1884 532 1947 Arretinorum
556 1886 736 1968 compositis
760 1890 791 1946 et
807 1883 908 1947 Cilnio
931 1903 1046 1968 genere
1069 1904 1142 1948 curn
1160 1883 1252 1968 plebe
1266 1885 1301 1946 in
1316 1885 1455 1968 gratiam

169 1991 318 2054 reducto«.
365 1988 518 2054 Videmus
547 1990 798 2075 igitur¹Livium
826 1992 884 2054 hac
898 1991 1072 2054 'dictatoris
1100 1990 1298 2075 expeditione
1325 1997 1457 2055 narrata

170 2097 247 2160 alios
274 2098 451 2180 inspexisse
481 2103 638 2178 auctores,
667 2098 722 2179 qui
752 2117 832 2180 quae
859 2097 913 2160 ille
937 2103 1058 2179 auctor,
1087 2098 1177 2179 cujus
1201 2097 1333 2180 vestigia
1360 2105 1457 2160 antea

168 2204 244 2288 legit
278 2203 402 2284 Livius,
440 2204 564 2287 prolixe
603 2202 642 2265 de
679 2202 761 2266 bello
800 2209 909 2266 contra
940 2202 1090 2266 Etmscos
1129 2209 1217 2286 gesto
1256 2209 1457 2286 exposuerat,

170 2311 339 2375 seditiones
371 2317 495 2374 tantum
524 2310 621 2373 fixisse
648 2312 871 2374 Arretinorum
899 2313 1068 2374 memoriae
1095 2310 1304 2395 prodiderant.
1351 2312 1456 2395 Atqui

170 2418 334 2498 Nisseni1)
381 2420 580 2502 aliorumque
623 2419 721 2482 doctis
765 2419 1081 2483 commentationibus
1095 2419 1133 2500 lt
1162 2417 1289 2482 Livium
1333 2424 1456 2482 certum

174 2525 333 2608 quendam
361 2526 543 2608 scriptorem
573 2525 768 2608 aliquamdui
795 2527 840 2588 ita
867 2531 1024 2599 secutum,
1053 2531 1089 2589 ut
1113 2527 1207 2588 auxie
1231 2526 1298 2607 ejus
1322 2527 1457 2608 vestigia

171 2639 339 2718 premeret,
376 2638 510 2713 constat,
548 2654 611 2717 qua
644 2633 682 2696 de
714 2653 809 2697 causa
840 2633 917 2696 haec
948 2635 1051 2716 capita
1081 2635 1126 2696 ita
1157 2634 1191 2695 in
1223 2615 1319 2696 usum
1345 2652 1455 2696 meum

172 2745 294 2804 vertere
325 2760 389 2802 non
422 2738 578 2820 dubitavi,
610 2745 646 2802 ut
677 2739 784 2803 indole
818 2759 853 2802 ac
885 2745 1000 2802 natura
1026 2739 1121 2822 hujus
1145 2740 1305 2822 scriptoris
1329 2741 1456 2823 cognita

172 2868 251 2911 num
278 2849 356 2912 haec
383 2847 491 2911 eadem
519 2848 668 2910 narrandi
695 2849 789 2928 ratic,
816 2847 901 2910 idem
924 2867 1030 2910 rerum
1053 2847 1285 2938 verborumque
1308 2852 1396 2910 tenor
1419 2847 1456 2908 in

174 2955 244 3018 aliis
274 2973 400 3038 quoque
428 2952 554 3016 Liviani
582 2955 684 3036 operis
712 2952 854 3037 partibus
881 2954 1019 3016 inveniri
1046 2955 1157 3037 possit,
1186 2958 1322 3016 statuere
1351 2971 1453 3015 coner.

172 3059 221 3124 De
252 3062 380 3124 nomine
413 3060 548 3122 auctoris
580 3059 639 3121 hoc
670 3059 738 3122 loco
772 3079 828 3143 opo
860 3080 863 3090 ¹
895 3060 966 3123 data
994 3080 1058 3122 non
1087 3059 1227 3122 disserui.
1278 3059 1347 3121 lam
1375 3077 1391 3121 e
1421 3077 1455 3122 re

173 3170 232 3232 erit
257 3169 380 3252 paucis,
409 3184 489 3250 quae
517 3173 623 3228 noster
650 3166 809 3247 exhibeat,
836 3168 1003 3231 illustrare.
1027 3166 1267 3251 -Postquam
1294 3166 1456 3230 Etruriam

173 3276 324 3341 rebellare
357 3281 387 3338 et
409 3273 530 3337 Marsos
562 3273 682 3338 bellum
714 3294 824 3358 parare
852 3275 985 3338 Romam
1017 3277 1199 3338 nuntiatum
1232 3280 1291 3355 est,
1324 3274 1458 3337 dictator

174 3383 289 3446 dicitur
316 3381 357 3444 M.
373 3381 521 3443 Valerius
549 3379 723 3461 Maximus,
757 3383 812 3464 qui
841 3379 902 3443 sibi
928 3382 1115 3464 magistrum
1144 3381 1287 3462 equitum
1316 3380 1390 3463 legit
1413 3377 1456 3441 M.

175 3491 349 3554 Aemilium
381 3489 526 3552 Paulum.
586 3486 700 3551 Marsis
735 3495 839 3552 autem
871 3488 950 3551 fusis
983 3493 1013 3550 et
1045 3488 1166 3571 aliquot
1197 3486 1330 3550 urbibus
1358 3486 1457 3570 captis

176 3619 249 3662 cum
281 3600 316 3660 in
347 3597 509 3660 Etmriam
541 3594 660 3658 bellum
689 3615 817 3659 versum
851 3599 947 3675 esset,
977 3596 1126 3678 magister
1158 3596 1300 3678 equiturn
1330 3591 1459 3657 absente

177 3705 327 3768 dictatore
350 3702 535 3786 pabulatum
559 3721 703 3785 egressus
727 3701 811 3764 haud
833 3720 962 3784 parvam
979 3703 1097 3784 accepit
1112 3701 1240 3764 cladem.
1281 3699 1368 3775 Quae
1383 3720 1458 3763 cum

175 3811 310 3875 Romam
332 3812 477 3874 nuntiata
501 3815 582 3874 esset
605 3814 635 3873 et
658 3829 809 3893 magnum
833 3809 1001 3872 excivisset
1021 3814 1180 3888 terrorem,
1204 3814 1240 3871 ut
1256 3809 1349 3871 etiam
1368 3807 1458 3872 urbis

176 3918 336 3981 securitati
358 3915 494 3980 Romani
522 3915 723 3979 consulerent
751 3915 884 3978 dictator
907 3915 946 3978 ad
970 3916 1142 3977 exercitum
1171 3915 1328 3997 profectus
1352 3915 1460 3977 omnia

178 4045 233 4109 spe
256 4025 475 4108 tranquilliora
499 4030 529 4087 et
552 4025 668 4086 tutiora
691 4024 819 4086 invenit
868 4021 930 4098 Qui
954 4043 1027 4085 curn
1050 4022 1151 4084 xinde«
1174 4028 1275 4085 castra
1298 4023 1457 4104 movisset,

272 4324 291 4392 ¹)
311 4323 387 4378 Conf.
408 4292 518 4378 Nisseni
536 4323 652 4376 librum:
671 4322 813 4377 Km'tische
831 4323 995 4377 Untersuch.
1015 4341 1043 4392 p.
1059 4322 1091 4376 81
1112 4340 1152 4391 sq.

267 4412 288 4478 ²)
306 4429 329 4467 e.
345 4431 371 4482 g.
386 4411 554 4465 Bbtticheri:
577 4410 733 4478 ‚Kritisohe
751 4410 1003 4478 Untersuchungen
1021 4410 1089 4463 uber
1107 4409 1152 4463 die
1168 4408 1284 4474 Quellen
1302 4410 1350 4466 des
1363 4407 1457 4468 Livius

177 4503 277 4559 111121.
298 4522 324 4558 u.
344 4504 386 4559 22.
403 4501 510 4558 Buche“
532 4501 562 4559 iu
581 4501 680 4576 quinto
702 4502 753 4558 vol.
774 4500 864 4574 suppl.
884 4517 948 4558 ann.
968 4498 1062 4556 Jahnii
1080 4517 1107 4572 p.
1124 4499 1185 4558 361.
