3134 5082
556 261 844 331 ...„41..

81 445 279 508 extraxerat
302 439 400 509 diemo'
411 445 432 524 1)
457 446 528 510 dein
552 466 624 510 cum
647 448 765 530 proelio
789 447 948 532 defatigati
966 450 1072 513 hostes
1088 444 1244 514 Samnites
1261 449 1373 531 essent,

83 553 243 616 cedentes
272 573 324 617 eos
351 555 384 616 in
413 560 515 618 castra
538 555 697 638 compulit,
744 555 804 620 His
829 563 933 620 autem
956 557 1072 641 fugatis
1097 557 1250 638 Gallicam
1274 558 1373 632 aciem

75 695 137 704 —
161 680 235 722 nam
252 659 334 723 Galli
357 661 515 726 testudine
536 662 618 725 facta
642 662 773 726 conferti
788 664 922 745 stabant,
946 684 1140 747 quamquam
1156 664 1373 728 antecedentes

74 767 305 850 paragraphos
328 768 499 850 respiciens
523 787 633 832 eorum
649 788 786 833 cuneum
801 769 1020 853 perturbatum
1036 789 1103 834 esse
1119 770 1278 834 arbitreris
1290 769 1313 851 ²)
1330 807 1372 816 —

77 873 282 956 quingentos
314 875 435 956 equites
468 895 487 937 a
518 881 605 958 tergo
636 876 786 940 invadere
819 882 850 940 et
881 877 1005 940 tertiam
1037 877 1193 961 legionem
1222 897 1241 939 a
1271 876 1373 941 fronte

75 981 220 1064 aggredi
248 981 351 1062 jussit.
403 980 545 1046 (lonicies
576 984 675 1067 igitur
707 984 839 1048 eandem
866 984 926 1047 troo
953 984 1021 1048 loco
1050 1003 1118 1048 esse
1146 984 1372 1068 condicionem,

77 1109 189 1172 quam
217 1087 413 1171 Olasonius3)
442 1108 580 1174 eumque
608 1097 736 1156 secutus
764 1091 937 1172 Zbllerusil)
969 1093 1002 1154 in
1031 1111 1138 1176 pugna
1166 1091 1206 1154 ad
1229 1092 1373 1156 Veserim

76 1199 259 1262 commissa
291 1197 351 1262 sibi
382 1199 557 1284 repperisse
582 1200 645 1263 visi
672 1204 755 1263 sunt.
805 1199 851 1264 Hi
879 1201 964 1263 enim
991 1201 1054 1262 riri
1081 1199 1255 1263 doofissimi
1282 1201 1326 1263 tta
1353 1221 1372 1262 a

78 1305 242 1389 scriptore
270 1305 408 1388 quodam
435 1307 525 1369 illam
551 1325 689 1390 pugnam
720 1308 929 1390 conscriptam
957 1325 1025 1370 esse
1053 1306 1195 1371 arbitrati
1219 1313 1308 1390 sunt,
1336 1312 1372 1370 ut

76 1413 112 1475 is
156 1411 234 1476 duas
273 1414 411 1476 diversas
443 1414 526 1476 inter
558 1432 592 1478 se
624 1415 828 1498 coniungeret
859 1415 1039 1494 relationem
1079 1433 1174 1497 quem
1206 1413 1371 1478 Glasonius

76 1519 252 1584 Nitzsohio
284 1541 318 1586 se
350 1522 498 1585 addicens
530 1520 690 1613 Licinium
721 1522 819 1585 tuisse
851 1523 991 1586 coniecIt.
1049 1520 1110 1584 Sed
1142 1527 1179 1585 ut
1211 1528 1372 1586 auctorem

79 1647 186 1711 quem
215 1627 344 1692 subesse
371 1630 520 1713 cogitavit
547 1627 726 1710 Glasonius,
759 1648 886 1712 respuo,
918 1629 963 1692 ita
989 1625 1122 1712 probare
1149 1649 1215 1692 non
1242 1649 1371 1713 possum

78 1735 232 1800 eiusdem
270 1738 458 1801 sententiam
494 1738 549 1820 qui
584 1757 602 1799 a
636 1736 841 1822 scriptoribus
877 1736 1005 1800 demum
1041 1739 1096 1821 qui
1130 1736 1237 1802 Sullae
1272 1743 1371 1802 aetate

83 1842 275 1918 floruerrmt,
298 1843 330 1906 Τ.
347 1841 459 1906 Manlii
480 1844 629 1927 Torquati
651 1862 702 1907 res
725 1849 828 1928 gestas
853 1848 883 1906 et
898 1842 933 1906 P.
952 1841 1042 1906 Decii
1057 1845 1155 1927 patris
1172 1843 1370 1908 devotionem

79 1952 173 2012 inter
200 1967 234 2013 se
262 1951 445 2014 coniunctas
474 1969 542 2014 esse
570 1951 685 2014 statuit
742 1949 854 2033 Neque
878 1951 962 2013 enim
987 1949 1124 2012 dubitari
1146 1954 1261 2033 potest,
1290 1952 1369 2033 quin

79 2060 151 2141 jam
176 2059 370 2141 antiquiores
389 2059 446 2122 has
466 2059 544 2121 duas
562 2077 613 2122 res
629 2059 913 2121 contaminaverint
927 2063 964 2120 ut
979 2077 1016 2120 ea
1031 2058 1179 2121 existeret
1195 2059 1369 2142 descriptio,

84 2185 185 2250 quam
216 2164 309 2228 hodie
340 2165 483 2249 legimus.
539 2163 685 2228 Ceterum
717 2165 751 2226 hi
777 2165 839 2226 viri
871 2184 936 2226 non
969 2165 1044 2227 satis
1072 2182 1181 2226 secum
1206 2169 1370 2247 reputasse

85 2272 237 2335 videntur
252 2273 418 2356 scriptores
429 2271 589 2335 Romanos
601 2275 637 2335 ut
649 2292 746 2355 quam
756 2272 1008 2335 lucutentissime
1019 2271 1138 2354 proelia
1149 2270 1369 2353 describerent,

89 2378 245 2461 quomodo
276 2380 312 2442 in
343 2398 536 2462 unaquaque
569 2380 646 2442 aciei
673 2384 761 2463 parte
788 2384 965 2463 pugnatum
994 2384 1087 2460 esset,
1121 2378 1285 2474 diligenter
1314 2400 1368 2442 ex-

90 2487 238 2568 posuisse,
261 2486 346 2549 undo
368 2486 486 2550 facbrm
511 2491 565 2569 est,
589 2491 625 2550 ut
648 2487 815 2570 descriptio
838 2505 880 2549 ex
903 2487 1036 2549 diversis
1058 2485 1201 2569 partibus
1225 2492 1368 2551 constare

91 2592 253 2658 rideretur.
279 2631 321 2640 -
1436 2591 1440 2596 ’

175 2700 248 2765 Jam
292 2707 448 2786 superest,
493 2707 530 2765 ut
567 2721 682 2786 panca,
726 2722 789 2785 qua
826 2703 947 2764 ratione
984 2720 1092 2784 pugna
1128 2701 1163 2763 in
1201 2700 1367 2765 annalibus

87 2807 242 2893 descripta
275 2811 316 2872 sit
350 2810 471 2873 addam.
532 2809 599 2872 Nec
633 2811 661 2872 si
692 2809 812 2894 largam
843 2809 930 2871 illam
963 2827 1089 2893 pugnae
1126 2808 1367 2891 descriptionem

85 2935 183 2998 quam
207 2917 369 2980 annalium
393 2918 582 3001 scriptorum
604 2918 789 2980 commentis
812 2935 871 2980 nos
895 2915 1008 2979 debere
1027 2917 1094 2997 jam
1116 2919 1199 2978 recte
1221 2914 1365 2996 Ihnius4)

84 3023 174 3106 vidit,
198 3025 304 3086 animo
328 3023 554 3106 considerabis,
579 3023 733 3087 dubitatio
758 3024 893 3087 existere
916 3024 1037 3107 poterit,
1062 3024 1140 3106 quin
1163 3022 1240 3085 haec
1263 3023 1365 3106 capita

84 3149 126 3194 ex
160 3131 269 3196 eodem
303 3131 468 3216 desumpta
501 3133 578 3214 sint,
612 3149 708 3215 quem
739 3131 814 3194 inde
847 3151 864 3194 a
897 3132 998 3214 capite
1022 3131 1062 3192 21
1098 3129 1181 3212 §ll
1217 3131 1363 3213 seposuit.

175 3433 194 3500 1)
213 3432 314 3489 Nescio
337 3449 374 3487 an
398 3431 491 3488 animo
516 3432 660 3504 scriptoris
682 3431 766 3486 huius
789 3431 845 3487 loci
868 3431 1030 3487 obversatus
1054 3429 1091 3484 sit
1113 3447 1207 3485 versus
1229 3430 1278 3485 ille
1297 3431 1365 3485 cele·

81 3522 218 3579 berrimus
236 3512 332 3577 Ennii:
372 3521 465 3590 ,Unus
487 3522 572 3576 homo
596 3521 678 3576 nobis
702 3522 860 3576 cunctando
883 3520 1008 3576 restituit
1027 3526 1115 3586 rem“;
1144 3520 1173 3574 id
1192 3521 1267 3590 quod
1286 3523 1315 3575 et
1333 3519 1363 3574 in

82 3613 170 3666 alium
187 3612 259 3667 Livii
276 3613 371 3668 locum
389 3630 444 3681 quo
464 3612 614 3666 Fabiorum
632 3611 772 3682 expeditio
791 3613 936 3675 narratur,
956 3601 1093 3680 quadrare
1111 3609 1234 3665 ridetur:
1262 3610 1296 3665 II.
1315 3609 1362 3674 43;

80 3701 160 3756 Unus
178 3701 226 3756 ille
243 3701 287 3756 vir
304 3718 363 3756 rem
381 3700 526 3770 publicam
544 3700 678 3755 sustinuit
696 3699 764 3770 (scil.
785 3699 815 3766 Q.
835 3698 956 3768 Fabius).

171 3826 193 3897 2)
212 3825 343 3896 Legimus
361 3824 435 3880 enim
454 3827 470 3894 5
490 3827 504 3879 7
525 3843 586 3894 cap.
607 3826 654 3880 29:
674 3825 775 3894 quibus
793 3823 933 3894 plerisque
951 3822 982 3878 in
999 3825 1088 3888 soum,
1107 3821 1178 3876 raris
1196 3821 1226 3876 in
1245 3839 1362 3892 corpora

83 3913 144 3984 ipsa
170 3915 230 3968 fixis
257 3920 386 3968 sternitur
413 3932 529 3978 cuneus,
557 3913 599 3968 ita
625 3917 658 3968 ut
686 3931 790 3984 magna
817 3931 880 3982 pars
907 3911 1026 3982 integris
1054 3911 1216 3981 corporibus
1244 3910 1360 3966 attonit'

84 4004 268 4059 conciderent.
292 4036 326 4044 -
350 4003 485 4059 Similiter
507 4021 549 4086 res
573 4003 734 4074 exponitur:
761 4002 819 4056 VII.
839 4002 881 4056 23.
902 4003 918 4056 9
942 4004 972 4056 et
994 4001 1141 4056 XXXVIII.
1161 4001 1203 4054 22.
1223 4001 1239 4054 9
1259 3999 1361 4069 quibus

84 4093 190 4150 duobus
206 4093 276 4148 locis
295 4093 391 4164 agitur
409 4093 442 4148 de
461 4098 551 4148 Galla.

172 4219 193 4288 8)
211 4217 409 4274 HistRoman.
425 4219 458 4272 11.
470 4219 498 4272 5:
516 4217 609 4274 Livius
626 4218 679 4272 hat
697 4218 756 4272 also
775 4215 928 4288 cigentlich
947 4215 1014 4271 zwei
1033 4215 1198 4286 gesonderte
1216 4213 1360 4268 Sohlacht-

84 4307 326 4380 beschreibungen.
342 4341 376 4349 —
390 4307 427 4363 M.
443 4308 542 4362 Zbller:
561 4306 677 4362 Latium
695 4325 721 4362 u.
741 4306 820 4360 Rom.
848 4305 963 4376 Leipzig
983 4305 1058 4359 1878.
1077 4324 1104 4374 p.
1117 4304 1176 4358 364.
1197 4303 1256 4358 365.
1277 4303 1336 4359 369.

171 4434 193 4504 ⁴)
211 4434 337 4490 Historia
358 4433 598 4488 Roman.1.396:
644 4431 728 4499 ,Eine
755 4431 963 4501 Beschreibung
991 4431 1039 4484 der
1067 4428 1211 4494 Sohlacht‚
1238 4427 1292 4483 wie
1319 4426 1358 4482 sie

87 4521 174 4576 Livius
193 4523 279 4592 gicht,
298 4523 336 4577 ist
354 4541 407 4577 nur
425 4521 471 4576 ein
490 4520 566 4590 Spiel
584 4521 631 4575 der
649 4519 826 4574 Phantasie.“
