3134 5082
713 226 932 288 ,48-

181 411 258 487 tem,
285 405 443 468 licinium
473 402 629 484 Mannum,
658 401 989 482 01audium,Aelium
1010 400 1217 484 Tuberonem,
1245 403 1273 464 si
1294 399 1453 464 Fabium
1462 397 1480 477 ¹]

183 513 414 595 Claudiumque
437 529 517 594 quos
539 510 670 572 hicnon
686 509 830 592 sequitur
844 506 954 571 livius
970 526 1011 570 ex
1026 508 1085 571 hoc
1100 527 1235 571 numero
1251 525 1482 590 segregamus,

182 624 301 684 restant
325 619 466 702 quinque
487 618 548 680 illi:
583 615 724 696 OinciuS,
747 613 837 696 Piso,
859 614 1020 696 Valerius,
1043 613 1163 696 Macer,
1185 614 1318 677 Tubero.
1376 613 1482 696 Atqui

182 745 247 790 non
270 729 514 810 praeoccupatus
538 725 643 786 animo
658 721 789 785 videbor
811 723 839 785 si
861 727 892 785 et
913 723 1019 805 ipsum
1036 719 1186 785 Pisonem
1200 721 1484 802 Tuberonemque

182 832 309 897 Livium
332 836 475 896 secutum
498 849 566 894 esse
588 829 723 914 negab0,
747 847 883 913 quorum
906 830 983 893 alter
1009 835 1074 893 tam
1101 829 1212 893 breves
1235 829 1483 910 conscripserat

183 940 313 1003 annales
336 939 429 1002 utin
451 939 543 1001 tertio
570 935 651 1000 hbrc
674 936 713 999 de
741 941 840 999 aetate
866 936 941 999 belli
964 935 1129 1000 Samnitici
1156 936 1288 1000 secundi
1316 930 1481 1018 ageret²l

182 1048 310 1110 alterius
333 1051 438 1109 autem
466 1049 621 1128 quantum
645 1043 792 1128 equidem
815 1045 880 1107 scio
907 1063 1063 1128 perpauca
1088 1044 1172 1128 apud
1196 1042 1324 1107 Livium
1360 1047 1480 1105 extant

183 1155 323 1236 vestigia
369 1150 417 1215 De
441 1149 548 1214 Cincio
571 1155 675 1241 autem
699 1150 860 1213 Ahmento
888 1152 1024 1233 cogitmo
1050 1169 1115 1212 non
1143 1151 1229 1230 licet,
1257 1150 1427 1233 quoniam
1455 1148 1480 1209 is

184 1260 311 1326 Cincius
335 1261 391 1343 qui
412 1260 448 1320 in
471 1259 603 1341 septimo
626 1255 738 1336 hbr03)
761 1256 916 1338 laudatur,
939 1277 1004 1321 non
1024 1257 1192 1320 historicus
1212 1257 1268 1320 sed
1283 1255 1480 1340 grammati-

184 1386 239 1431 cus
270 1366 368 1430 fuisse
394 1363 561 1443 videtui)
606 1362 760 1426 Exoritur
789 1364 887 1447 igitur
918 1364 1059 1447 quaestio
1090 1369 1199 1428 uhum
1227 1364 1402 1428 Antiatem
1440 1379 1478 1423 an

182 1471 341 1536 Licinium
368 1475 474 1535 noster
506 1469 695 1552 adhibuerit,
720 1488 800 1553 quae
827 1469 917 1534 facile
943 1489 1031 1534 nunc
1058 1471 1139 1534 solvi
1170 1475 1280 1554 potest,
1314 1471 1478 1554 quoniam

185 1585 344 1644 auctorem
366 1579 554 1662 primarium
577 1579 632 1662 qui
646 1583 772 1662 propter
787 1579 941 1642 sermonis
957 1581 1179 1664 proprietatem
1193 1579 1228 1642 in
1242 1579 1292 1643 his
1308 1577 1477 1662 capitibus

186 1687 344 1752 adhibitus
367 1705 435 1751 esse
457 1685 617 1770 putandus
641 1691 696 1767 est,
718 1684 877 1749 Licinium
899 1707 967 1748 non
990 1706 1058 1750 esse
1081 1684 1422 1767 demonstravimus.⁵)

273 1813 347 1876 Jam
368 1813 484 1874 iterum
507 1811 622 1875 diserto
637 1809 720 1873 livii
743 1811 921 1874 testimonio
944 1811 1030 1875 unde
1050 1817 1209 1896 postrema
1231 1813 1327 1876 huius
1349 1811 1475 1875 decimi

182 1919 256 1984 libri
278 1939 350 2004 pars
375 1919 539 2003 desumpta
561 1920 602 1982 sit
626 1918 800 1982 diiudicare
821 1937 1000 2001 possumus.
1046 1918 1202 1984 Novimus
1226 1921 1353 1982 enimc
1379 1937 1474 2004 para

183 2027 301 2110 grapho
338 2026 378 2088 13
413 2026 522 2108 capitis
558 2026 598 2087 37
635 2024 803 2087 Claudium
834 2025 1016 2108 scriptorem
1047 2027 1092 2088 ita
1122 2044 1173 2089 res
1201 2028 1409 2110 exposuisse,
1439 2029 1473 2087 ut

183 2132 226 2196 Μ.
256 2131 431 2195 Aemihum
454 2130 617 2194 consulem
639 2132 673 2192 in
691 2129 819 2193 Etruria
840 2149 890 2195 res
913 2133 1048 2214 gessisse
1071 2132 1195 2214 diceret,
1210 2131 1344 2197 Fabium
1361 2137 1470 2196 autem

183 2244 254 2303 uter
281 2236 392 2300 consul
419 2238 454 2298 in
482 2235 642 2300 Etruriam
669 2236 826 2320 profectus
859 2242 953 2319 esset,
981 2257 1047 2300 non
1079 2238 1238 2302 adiecisse.
1286 2238 1367 2303 Cum
1395 2257 1468 2303 vero

183 2347 293 2410 Livius
318 2365 382 2429 cap.
402 2346 443 2408 39
460 2345 478 2427 ᾗ
496 2345 515 2406 2
539 2343 690 2428 Spurium
713 2344 886 2409 Carvilium
905 2365 979 2409 cum
993 2346 1153 2410 veteribus
1172 2346 1350 2431 legionibus
1368 2365 1466 2432 „quas

184 2455 226 2523 Μ.
249 2455 368 2519 Atilius
392 2455 562 2537 superioris
585 2455 660 2516 anni
683 2454 795 2518 consul
821 2455 856 2516 in
884 2473 958 2538 agro
981 2453 1188 2519 Interamnati
1209 2456 1414 2539 rehqueraT‘‚
1436 2456 1466 2516 in

278 2684 298 2753 ¹)
317 2681 392 2737 Num
409 2682 502 2752 ipsum
519 2681 638 2736 Fabium
656 2682 807 2753 inspexerit
824 2687 920 2738 noster
938 2684 1030 2738 adhuc
1044 2684 1096 2738 snb
1110 2684 1200 2740 indice
1215 2701 1341 2741 essenon
1356 2685 1459 2757 ignoro.

184 2776 290 2830 Tamen
309 2773 437 2844 equidem
456 2771 592 2826 assentior
611 2771 722 2826 Nisseni
739 2772 993 2842 sententiaequam
1010 2773 1151 2843 professus
1170 2777 1213 2828 est
1230 2774 1261 2828 in
1279 2792 1376 2830 museo
1394 2777 1453 2830 Rhe

185 2883 258 2920 nano
277 2863 374 2919 xxvi.
383 2881 411 2932 p.
426 2863 486 2917 528.
506 2895 540 2903 -
558 2861 676 2916 Fabium
692 2865 756 2916 nter
774 2862 871 2916 consul
889 2861 919 2916 in
938 2862 1080 2917 Etruriam
1098 2881 1161 2919 cum
1180 2864 1302 2920 exercitu
1318 2865 1457 2934 profectus
1541 2897 1542 2900 =

187 2958 271 3020 essct,
295 2971 353 3008 non
376 2951 510 3007 adiecisse
533 2951 602 3005 dicit
624 2950 725 3005 Livius.
770 2951 830 3018 Quo
855 2951 927 3006 Livii
954 2952 1116 3008 testimonio
1145 2954 1264 3009 efficitur
1291 2970 1349 3007 non
1376 2957 1462 3010 solum

186 3046 322 3099 Catonem
340 3042 400 3097 sine
419 3043 521 3096 ducum
539 3040 699 3095 nominibus
712 3058 756 3095 ros
769 3044 889 3106 notasse,
908 3043 957 3096 sed
967 3041 1054 3096 etiam
1067 3042 1136 3097 alios
1146 3043 1312 3098 vetustiores
1328 3049 1462 3100 auctores.

187 3133 263 3188 Gonf.
282 3135 396 3203 praeter
414 3130 485 3185 alios
502 3129 533 3184 E.
553 3128 658 3200 Meyeri
677 3131 934 3186 commentationen
952 3131 982 3185 in
1000 3149 1070 3186 mus.
1106 3131 1194 3186 Rhen.
1214 3132 1347 3188 XXXVII.
1362 3151 1390 3204 p.
1407 3131 1462 3194 613,

187 3221 236 3293 qui
254 3222 328 3275 hunc
346 3221 440 3275 locum
457 3236 515 3273 non
533 3219 666 3274 laudarit.

279 3310 301 3380 ²)
321 3309 398 3365 Ocni.
417 3309 511 3364 Peteri
529 3309 638 3380 relliqu.
656 3309 722 3365 hist.
740 3309 819 3365 Rom.
838 3312 858 3364 Ι.
877 3329 904 3380 p.
926 3310 985 3365 136.
1003 3311 1036 3365 fr.
1055 3312 1088 3364 27
1108 3310 1225 3366 Pisonis.
1266 3325 1270 3334 '

276 3399 297 3470 ³)
316 3399 373 3454 liv.
392 3398 451 3454 VII.
471 3399 495 3454 3.
516 3401 540 3454 7.

276 3490 298 3560 ⁴)
316 3488 472 3543 Mommsen
491 3487 691 3558 chronologici
709 3507 737 3558 p.
757 3490 817 3544 ato.

276 3595 297 3666 6)
316 3594 461 3649 Plutarchi
474 3595 616 3650 Valerium
629 3594 802 3664 Poplicolam
820 3613 835 3650 e
853 3595 958 3650 Valerii
976 3596 1100 3650 Antiatis
1118 3597 1266 3652 annalibus
1289 3599 1464 3668 desumptum

188 3703 247 3740 esse
264 3701 353 3755 paene
371 3701 422 3754 pro
442 3688 517 3739 certo
536 3701 639 3755 ponere
662 3702 808 3754 possumus
827 3716 861 3723 —
881 3685 952 3738 conf.
972 3685 1006 3740 H.
1026 3685 1118 3740 Peteri
1135 3687 1250 3740 librum:
1278 3686 1330 3741 Die
1349 3687 1463 3753 Quellen

187 3774 335 3828 Plutarcho
352 3773 383 3827 in
401 3774 455 3827 den
464 3774 668 3845 Biographieen
686 3775 734 3829 der
743 3773 852 3828 Ebmer.
871 3773 952 3828 Halle
973 3775 1041 3829 1865
1060 3793 1087 3844 p.
1103 3775 1217 3829 45-51.
1237 3775 1270 3830 Κ.
1280 3775 1326 3832 W.
1340 3775 1462 3830 Nitzsch:

187 3864 265 3918 Rbm.
285 3863 446 3917 Annalistik
464 3864 563 3933 p‚154.
583 3897 617 3904 -
637 3881 669 3917 ac
687 3864 813 3933 profecto
832 3863 862 3917 in
880 3863 930 3918 illa
947 3863 1008 3917 vita
1025 3864 1207 3918 inveniuntur
1224 3883 1297 3934 quac
1312 3862 1463 3934 comparari

187 3952 297 4024 possint
316 3969 381 4006 cum
398 3952 467 4006 locis
486 3952 653 4022 quibusdam
671 3953 772 4007 horum
790 3954 824 4007 de
852 3953 952 4022 quibus
975 3971 1050 4007 nunc
1074 3953 1216 4023 disputavi
1239 3958 1268 4008 et
1291 3954 1463 4024 sequentium

189 4041 321 4111 capitum.
366 4041 440 4096 Plut.
468 4042 547 4113 Popl.
577 4059 637 4112 cap.
666 4043 700 4096 22
728 4041 843 4112 legitur:
876 4047 932 4096 Kal
959 4042 1028 4095 κατὰ
1054 4043 1137 4110 τύχην
1166 4041 1301 4112 ὁμίχλης
1327 4046 1462 4115 βαθείας

188 4131 356 4201 ἐμπεσούσης,
379 4130 436 4186 Liv.
455 4131 487 4187 X.
512 4131 546 4186 32
571 4133 599 4186 6:
627 4136 721 4183 nebula
744 4141 803 4182 erat
824 4137 860 4183 ad
884 4138 995 4184 multum
1018 4137 1071 4184 diei
1093 4137 1173 4184 detnsa
1196 4133 1276 4196 adeo,
1300 4137 1333 4186 ub
1356 4151 1415 4202 sqq.
1433 4161 1462 4171 ὁ

189 4223 318 4277 Ceterum
336 4221 402 4276 fasti
419 4221 603 4293 triumphales
621 4219 704 4274 huius
723 4220 790 4274 anni
808 4238 872 4275 cum
891 4221 968 4276 Livio
992 4237 1049 4274 non
1067 4221 1249 4285 conveniunt;
1274 4239 1340 4276 nam
1358 4226 1462 4294 praeter

187 4313 217 4366 L.
236 4311 412 4366 Postumium
440 4311 590 4382 Magallum
619 4313 648 4365 et
677 4309 738 4379 ipse
762 4309 798 4362 M.
818 4309 921 4364 Atilius
948 4311 1070 4380 Regulus
1099 4311 1144 4364 cni
1178 4312 1330 4365 secundum
1358 4311 1459 4365 Livium

189 4419 248 4471 cap.
260 4401 302 4466 36,
324 4403 356 4457 19
373 4400 420 4455 hic
438 4400 527 4455 honor
544 4404 665 4471 negatus
684 4404 733 4465 est,
745 4399 776 4453 V.
792 4399 852 4454 Kal.
868 4399 934 4469 Apr.
945 4399 1108 4468 triumphat.
1123 4399 1249 4471 Ungerus
1269 4431 1303 4440 —
1322 4399 1459 4453 Rbmischc

190 4491 338 4547 Stadtaera
356 4509 382 4562 p.
398 4492 432 4546 86
451 4521 482 4530 —-
504 4490 607 4544 mirum
624 4491 654 4544 in
673 4489 787 4545 modum
795 4489 905 4544 Livium
924 4493 953 4546 et
970 4490 1058 4546 fastos
1071 4489 1146 4544 inter
1159 4507 1187 4546 se
1203 4489 1351 4548 conciliare
1368 4490 1459 4547 studet.
