3216 5082
729 257 930 317 „3-

285 438 426 504 Dictator
458 443 493 502 ut
521 457 556 500 eo
585 437 700 500 certius
723 435 826 498 hostes
854 434 947 516 longo
971 433 1141 496 cartamine
1163 433 1262 498 fessos
1285 433 1499 519 profligaret,

196 552 279 612 inter
318 549 442 612 ordines
480 546 622 630 peditum
659 542 825 606 intervalla
858 541 1040 624 reliquerat,
1078 559 1134 624 per
1168 561 1249 625 quae
1283 544 1419 626 equites
1461 544 1500 604 in
1600 549 1601 624 g

198 655 348 720 Etruscos
380 653 613 718 inveherentur.
670 650 741 714 Hoc
773 667 899 733 quoque
931 653 1118 731 stratagema
1148 667 1198 712 res
1232 655 1298 713 erat
1328 651 1369 712 in
1402 649 1499 714 bello

198 781 290 846 saepe
312 767 470 845 temptata,
493 760 592 824 veluti
614 764 722 822 nostro
746 755 826 820 libro
847 756 955 819 eodem
972 756 1071 818 utitur
1085 753 1119 818 1.
1136 754 1291 840 Papirius,
1314 762 1500 841 praeterea

198 869 339 933 conferso
368 887 484 951 quaeso
512 864 637 928 XXIX.
655 867 683 927 2.
713 865 731 945 ξ
756 863 855 926 5-1;
900 865 981 926 inter
1008 882 1126 926 cornua
1153 867 1184 926 et
1210 863 1347 927 mediam
1382 865 1499 928 aciem

197 976 365 1039 intervalla
388 1012 429 1020 —
454 1011 496 1020 -
521 1010 563 1018 —
586 974 722 1057 patentis
745 973 844 1055 equiti
867 971 1081 1053 relinquerent
1103 971 1179 1034 vias.

287 1083 358 1148 Hoc
384 1083 524 1146 maxime
551 1082 694 1164 equitum
721 1079 841 1163 impetu
867 1077 993 1142 Etrusci
1019 1078 1118 1162 fugati
1144 1085 1246 1142 castra
1268 1079 1497 1162 repetierunt;
1600 1071 1601 1084 ¹

200 1209 280 1274 quae
302 1210 375 1254 cum
399 1210 418 1253 a
439 1188 590 1251 Romanis
614 1193 704 1271 capta
719 1192 830 1267 essent,
854 1187 908 1248 alii
922 1187 1077 1269 fugientes
1092 1187 1127 1248 in
1143 1187 1297 1269 angustiis
1312 1192 1498 1270 portarum
1600 1191 1601 1210 ¹

199 1297 341 1377 haerent,
369 1295 423 1358 alii
451 1296 543 1378 quasi
569 1295 701 1356 numine
725 1293 860 1376 quodam
882 1294 1109 1356 Interveniente
1132 1298 1304 1356 servantur.
1355 1291 1414 1356 De
1441 1294 1497 1356 his
1600 1279 1601 1302 ³

200 1409 305 1467 autem
337 1399 561 1465 certaminibus
594 1401 633 1464 ad
666 1401 842 1464 castrare]
876 1402 908 1462 in
936 1401 1046 1464 castris
1074 1401 1250 1464 commissis
1278 1407 1309 1463 et
1336 1401 1377 1463 de
1411 1420 1496 1464 con-

201 1511 392 1574 sternatione
421 1527 543 1588 eorum,
572 1509 627 1592 qui
654 1509 739 1570 intra
766 1513 868 1570 castra
894 1507 980 1590 pleni
1006 1509 1131 1590 pavoris
1160 1509 1282 1572 exitum
1310 1514 1495 1591 quaerunt,

201 1618 257 1681 hos
281 1617 422 1680 conferas
445 1616 542 1679 locos:

253 1723 359 1788 XXV.
385 1725 440 1786 39:
475 1723 528 1785 alii
559 1727 658 1786 ruunt
690 1723 730 1785 ad
760 1729 878 1806 portas,
911 1723 965 1786 alii
997 1721 1151 1805 obsaeptis
1183 1722 1349 1787 itineribus
1383 1741 1496 1806 super

386 1831 506 1894 vallum
529 1831 654 1894 saliunt.
861 1907 863 1914 Υ

248 1937 357 2002 ΧΧΧ.
384 1939 416 2000 5:
440 1938 473 1999 in
498 1938 652 2021 angustiis
675 1943 837 2020 portarum
861 1936 966 2001 obtriti
990 1943 1071 2002 sunt.

202 2045 358 2110 XXXIV.
385 2046 439 2108 15:
464 2045 639 2108 caeduntur
662 2046 696 2107 in
716 2046 814 2128 portis
830 2051 952 2108 suomet
966 2046 1027 2129 ipsi
1043 2046 1167 2128 agmine
1178 2047 1213 2107 in
1229 2050 1295 2108 arto
1311 2046 1492 2108 haerentis.

204 2152 361 2217 XXXIV.
386 2152 442 2214 46:
468 2152 523 2215 diu
545 2153 579 2214 in
604 2153 757 2234 angustiis
779 2159 964 2236 pugnatum.

203 2259 359 2324 XXXIV.
384 2259 425 2322 41
437 2280 443 2321 :
469 2264 580 2342 quarta
603 2259 782 2342 legionem
805 2265 895 2343 porta
917 2259 1063 2324 haerente
1073 2261 1102 2342 ¹).

243 2367 358 2431 XLIV.
384 2367 439 2430 31:
463 2367 548 2450 pulsi
576 2368 660 2428 enim
688 2372 718 2429 et
744 2367 820 2451 fuga
847 2366 1024 2450 conglobati
1048 2387 1121 2432 cum
1145 2405 1186 2413 ——
1211 2404 1252 2412 —
1278 2404 1319 2412 -
1343 2369 1378 2429 in
1404 2369 1490 2452 ipsis

387 2472 531 2537 fancibus
553 2478 661 2558 portae
684 2473 909 2556 cecidissent2).

293 2581 386 2644 Vallo
420 2581 557 2664 pondere
592 2583 837 2664 superstantium
872 2583 906 2644 in
940 2582 1056 2646 fossam
1090 2588 1218 2666 proruto
1250 2583 1335 2644 viam
1369 2584 1489 2646 salutis

207 2709 275 2753 esse
308 2694 446 2772 apertam
470 2689 532 2751 nisi
564 2689 624 2751 hoc
654 2688 722 2752 loco
750 2708 815 2751 non
842 2690 962 2770 inveni,
994 2690 1049 2752 sed
1075 2691 1154 2752 mihi
1176 2691 1210 2752 in
1233 2694 1371 2752 mentem
1393 2692 1487 2754 venit
1600 2669 1601 2678 ἵ

206 2802 300 2881 caput
333 2801 458 2860 sextum
493 2795 566 2859 libri
594 2795 716 2858 XXVI.
772 2796 859 2860 Haeo
891 2798 976 2860 enim
1007 2797 1026 2860 l.
1051 2797 1070 2859 l.
1103 2797 1304 2860 exhibentur:
1345 2817 1487 2880 quorum
1600 2841 1601 2868 ,

206 2904 464 2987 (elephantorum)
501 2903 683 2987 corporibus
720 2924 793 2967 eum
830 2905 953 2987 oppleta
988 2905 1072 2968 fossa
1110 2909 1204 2984 esset,
1245 2905 1332 2967 velut
1369 2923 1489 2988 aggere
1600 2895 1601 2980 J

207 3018 262 3075 aut
283 3017 378 3097 ponte
401 3012 514 3093 injecto
538 3013 706 3074 transitum
729 3011 871 3074 hostibus
896 3011 1020 3093 dedit3).
1045 3049 1086 3057 -
1110 3010 1256 3095 Denique
1272 3012 1357 3095 quod
1373 3018 1489 3076 auctor

206 3120 302 3204 hujus
324 3121 513 3183 narrationis
538 3121 611 3183 deos
634 3120 780 3203 pendisse
802 3120 895 3203 fugae
918 3121 1003 3183 viam
1018 3121 1134 3201 scribit,
1157 3121 1370 3184 reminiscaris
1385 3123 1486 3183 velim

208 3228 317 3310 capitis
343 3227 384 3288 62
407 3225 481 3288 libri
519 3227 649 3290 secundi
688 3246 750 3309 quo
785 3227 853 3289 loco
887 3226 1014 3310 legitur:
1054 3232 1103 3290 »ut
1125 3227 1176 3289 vel
1210 3227 1339 3290 numine
1375 3227 1486 3311 aliquo

208 3333 335 3396 defensa
358 3336 459 3395 castra
482 3352 663 3416 oppugnare
685 3335 801 3397 iterum
823 3334 932 3417 religio
953 3332 1099 3411 luerit4l<e

300 3491 319 3560 ¹)
339 3489 430 3560 Caput
448 3491 483 3544 46
507 3522 541 3530 -
563 3489 628 3544 inde
651 3507 669 3544 a
692 3491 744 3560 §4
767 3524 800 3532 -
825 3491 905 3545 1147
934 3490 1074 3560 Ungerus:
1104 3489 1155 3544 Die
1182 3495 1249 3545 rdm.
1280 3491 1398 3557 Quellen
1422 3510 1484 3561 sqq.

209 3598 237 3650 p.
253 3582 286 3635 79
304 3579 418 3634 Antiati
435 3579 543 3635 tribuit.

299 3668 320 3740 ²)
340 3668 369 3722 Si
396 3668 481 3723 verba
507 3667 598 3739 magis
625 3686 710 3738 quam
738 3687 780 3724 res
807 3669 921 3740 respicis
948 3668 979 3723 hi
1005 3673 1151 3740 praeterea
1174 3673 1256 3725 amnt
1278 3669 1398 3723 notandi
1415 3668 1484 3723 loci:

208 3758 254 3813 Vl.
269 3760 293 3813 8.
314 3760 330 3828 ᾗ
350 3760 373 3813 7.
409 3757 481 3812 11111.
496 3759 538 3812 26.
558 3760 574 3828 ᾖ
594 3757 618 3812 3.
655 3758 700 3812 lX.
716 3757 758 3812 23.
778 3760 795 3828 5
815 3759 855 3812 16.

301 3846 322 3918 8)
341 3847 373 3900 In
391 3846 445 3901 fine
463 3845 546 3900 huius
566 3845 667 3916 capitis
685 3845 778 3901 Livius
797 3847 917 3902 adnotat
935 3865 963 3902 se
981 3866 1039 3903 non
1058 3849 1132 3919 apud
1148 3865 1242 3903 omnes
1256 3852 1369 3902 tantam
1382 3847 1484 3901 molem

209 3953 322 4006 pugnae
344 3933 483 3990 invenisse
506 3935 612 4003 (XXVI.
627 3937 651 3990 6.
680 3936 751 4005 58).
802 3935 895 4006 Elegit
923 3936 1011 4007 igitur
1033 3937 1126 3992 Livius
1149 3925 1288 3992 etiam'in
1310 3937 1365 3990 hac
1387 3951 1485 4006 pugna

210 4024 390 4078 describenda
408 4041 472 4078 cum
491 4027 634 4079 auctorem
652 4024 762 4093 quires
781 4025 901 4080 maxime
920 4025 1080 4080 exornabat.
1092 4026 1264 4080 —Ceterum
1283 4025 1378 4095 capita
1397 4023 1482 4077 5-11

210 4113 275 4168 libri
293 4113 380 4167 XXVI
403 4112 504 4182 quibus
531 4130 575 4168 111
598 4114 633 4166 ad
657 4114 781 4183 Capuam
805 4118 900 4184 gestae
923 4118 952 4170 et
975 4115 1115 4184 expeditio
1139 4114 1304 4170 Hannibalis
1329 4116 1365 4170 ad
1387 4117 1485 4170 urbem

210 4203 329 4256 Romam
347 4201 542 4256 describuntur
559 4201 691 4256 interiore
710 4219 782 4256 nexu
801 4203 952 4257 cohaerent
971 4205 1000 4257 et
1019 4203 1108 4258 eidem
1126 4203 1275 4258 tribuenda
1289 4208 1355 4258 sunt
1369 4203 1483 4259 auctori.

302 4293 323 4362 ⁴)
342 4291 523 4362 Peragrapho
542 4291 708 4346 duodecima
726 4310 786 4362 cap.
807 4292 900 4362 quinti
916 4293 1007 4346 nostri
1023 4294 1089 4348 libri
1101 4295 1172 4349 haec
1186 4295 1374 4348 adnectuntur
1389 4296 1484 4350 verba:

215 4382 291 4448 ,Quo
313 4381 420 4451 proelio
443 4381 549 4436 fractae
573 4381 676 4436 iterum
694 4381 873 4437 Etruscorum
896 4382 982 4437 vires“
1008 4383 1108 4453 quibus
1131 4383 1301 4440 remittimur
1324 4386 1360 4438 ad
1378 4386 1423 4440 lX.
1443 4387 1483 4441 39.

212 4472 294 4542 §112
326 4471 393 4550 ,Hic
418 4471 540 4542 primum
563 4470 621 4526 dies
639 4472 753 4526 fortuna
770 4475 863 4527 vetere
881 4471 1055 4528 abundantes
1078 4473 1258 4528 Etruscorum
1280 4475 1365 4545 fregit
1389 4475 1482 4530 vires.“

214 4563 288 4629 Quos
307 4563 375 4618 duos
395 4563 471 4618 locos
490 4579 523 4617 ex
542 4563 639 4617 eodem
657 4561 767 4617 fluxisse
785 4562 1076 4635 fonteJdisputationc
1094 4580 1152 4618 non
1170 4567 1242 4634 eget.

1557 4455 1562 4481 1

1600 4729 1601 4772 1

1600 4775 1601 4848 1

1600 4923 1601 4950 1

1600 4955 1601 4980 t

1600 4987 1601 5010 1
