3216 5082
748 263 879 326 „¹23
927 300 968 308 -

218 440 410 526 Priusquam
442 441 518 504 haec
550 443 651 526 capita
682 443 869 524 perlustrem
896 442 998 504 facere
1027 462 1091 504 non
1119 461 1262 525 possum,
1296 443 1375 525 quin
1401 443 1509 505 inter-

218 570 366 635 rumpam
401 551 620 633 disputationis
653 552 794 614 ordinem
827 554 857 613 et
889 550 927 612 de
959 569 1023 612 uno
1056 550 1208 612 disseram
1241 551 1308 612 loco
1343 570 1404 632 quo
1433 571 1510 634 qua

218 659 338 720 ratione
376 656 486 719 Livius
526 659 745 740 conscripserit
784 657 912 719 annales
950 657 1066 738 optime
1103 656 1286 720 illustratur.
1347 656 1510 739 Legimus

218 765 303 826 enim
342 765 432 827 initio
471 765 580 848 capitis
619 763 716 827 XXI:
763 763 929 846 »Magnum
969 782 1005 826 ea
1042 764 1202 847 populatio
1238 762 1389 846 Campani
1427 766 1510 846 agri

219 873 394 934 tumultum
416 870 534 934 Romae
557 871 743 954 praebuerat
766 877 796 934 91
818 891 874 954 per
897 890 950 934 eos
972 871 1051 934 19119
1074 871 1141 933 dies
1165 889 1205 932 ex
1221 869 1349 933 Etruria
1365 871 1510 934 allatum

218 983 292 1060 erat,
315 985 386 1063 post
410 979 580 1042 deductum
602 979 677 1041 inde
692 978 945 1042 Volumnianum
969 979 1142 1041 exercitum
1161 976 1319 1050 Etruriam
1340 980 1509 1040 concitam

217 1085 252 1146 111
291 1105 378 1148 arma
413 1092 443 1148 et
477 1085 614 1149 Gellium
646 1085 818 1167 Egnatium
851 1085 1041 1148 Samnitium
1076 1086 1189 1148 ducem
1224 1091 1253 1148 et
1281 1084 1417 1148 Umbros
1457 1087 1507 1147 ad

218 1191 422 1255 defectionem
446 1191 1204 1275 199911911191199[1191191111191111991119119111Ι
1245 1190 1332 1266 Quae
1347 1192 1441 1255 verba
1474 1195 1508 1256 si

217 1318 289 1362 cum
309 1300 401 1362 initio
418 1318 482 1383 cap.
494 1298 610 1362 XVIII
626 1301 856 1383 comparaveris
873 1319 972 1381 eaque
987 1300 1022 1361 in
1036 1300 1121 1363 hunc
1136 1301 1242 1364 locum
1257 1321 1321 1363 non
1339 1301 1509 1384 quadrare

215 1407 423 1490 reputaveris,
456 1426 527 1469 cum
559 1409 594 1469 111
622 1406 826 1489 sequentibus
860 1427 1053 1490 quamquam
1080 1408 1274 1491 paragrapho
1304 1409 1399 1470 altera
1425 1426 1505 1490 cap.

216 1512 331 1576 XVIII
347 1515 450 1576 omnis
467 1533 503 1576 ea
519 1515 688 1577 multiiudc
705 1535 745 1578 sc.
764 1519 912 1596 quattuor
926 1515 1115 1598 populorum
1132 1515 1171 1578 ad
1188 1520 1289 1577 castra
1305 1513 1507 1577 Samnitium

216 1621 400 1683 convenisse
427 1621 554 1702 (11911111,
584 1622 747 1704 usquead
776 1642 840 1704 cap.
858 1620 942 1683 XXI
966 1622 1019 1702 §1
1045 1640 1085 1684 ne
1107 1621 1203 1684 verbo
1228 1622 1356 1704 quidem
1379 1619 1505 1683 Umbri

216 1725 361 1810 Gallique
399 1734 695 1809 commemorentur,
731 1748 795 1791 non
832 1727 962 1791 habebis
998 1727 1082 1811 quod
1114 1728 1192 1790 mihi
1229 1728 1378 1790 statuenti
1409 1725 1505 1789 Livii

215 1851 319 1896 errore
348 1835 402 1915 qni
425 1839 471 1896 tot
492 1834 627 1897 fontium
651 1835 733 1897 mole
757 1855 923 1919 oppressus
948 1836 1070 1916 ajusto
1087 1853 1192 1897 rerum
1209 1835 1317 1896 ordiue
1334 1834 1504 1917 digressus

215 1947 293 2022 erat,
322 1941 408 2005 hunc
435 1943 540 2006 locum
563 1942 611 2005 bis
635 1962 675 2005 ex
699 1943 807 2004 eodem
831 1944 916 2006 fonte
940 1943 1130 2025 descriptum
1155 1961 1222 2005 esse
1246 1961 1383 2025 opponas
1393 1941 1422 2021 ¹).
1447 1979 1502 1988 —

214 2047 254 2110 ln
277 2048 431 2132 capitibus
455 2057 559 2113 autem
581 2049 696 2132 quibus
722 2051 849 2133 quaein
866 2050 993 2114 Etruria
1010 2051 1157 2132 auspiciis
1174 2050 1308 2112 duorum
1325 2049 1502 2112 consulum

214 2162 244 2218 91
275 2157 309 2217 111
338 2155 466 2219 Samnio
499 2157 597 2220 ductu
629 2156 794 2220 Volumnii
827 2158 1002 2238 evenerint,
1042 2156 1263 2219 describuntur
1294 2159 1407 2218 lterum
1439 2175 1501 2220 res

213 2263 311 2327 effuse
338 2270 369 2326 et
395 2265 481 2347 large
509 2271 616 2327 noster
644 2265 785 2347 exponit,
813 2265 867 2328 sed
895 2285 935 2328 ne
965 2265 1016 2327 hic
1044 2264 1172 2347 quidem
1195 2265 1229 2326 in
1253 2284 1317 2327 uno
1341 2265 1499 2346 scriptore

211 2369 416 2433 exscribendo
441 2371 605 2453 acquievit,
630 2371 684 2434 sed
708 2372 884 2454 complures
908 2373 1107 2454 comparant.
1153 2370 1232 2434 Cum
1256 2373 1340 2434 enim
1359 2369 1497 2434 Volum-

210 2481 283 2541 nius
319 2484 355 2540 ut
381 2479 485 2560 Appio
518 2479 655 2562 collegae
688 2480 843 2542 auxilium
876 2480 982 2559 ferret,
1015 2479 1094 2541 fines
1123 2477 1244 2542 Samnii
1277 2498 1422 2562 egressus
1451 2481 1493 2542 ad

211 2585 348 2667 collegae
375 2586 549 2648 exercitum
572 2587 722 2666 venisset,
750 2587 833 2648 Inter
857 2586 1001 2648 eonsules
1026 2586 1108 2668 quod
1134 2587 1257 2670 Appius
1282 2605 1315 2650 se
1339 2587 1490 2669 collegam

209 2691 321 2754 litteris
350 2694 517 2756 accersisse
540 2692 686 2776 negabat,
715 2695 872 2756 contentio
896 2698 964 2755 orta
987 2699 1039 2755 est.
1086 2693 1124 2754 111
1149 2695 1240 2756 trinis
1265 2692 1434 2756 annalibus
1454 2711 1485 2754 se

198 2800 352 2860 ‘invenire
375 2800 494 2862 litteras
518 2799 557 2862 ab
581 2801 684 2883 Appio
708 2801 822 2863 missas
845 2799 955 2864 Livius
980 2800 1069 2881 dicit,
1099 2801 1153 2863 sed
1177 2820 1255 2862 num
1278 2819 1351 2863 vere
1374 2802 1484 2863 missae

306 3102 325 3170 ¹)
344 3101 445 3155 Utres
465 3100 565 3154 melius
583 3099 776 3170 perspiciatur,
797 3102 879 3155 ambo
898 3101 1051 3155 exscribam
1069 3101 1157 3155 locos:

246 3207 306 3258 cap.
319 3190 351 3244 18
366 3193 382 3258 ᾖ
394 3192 421 3242 1:
444 3192 518 3245 Dum
528 3208 561 3244 ea
570 3190 600 3243 in
611 3190 723 3244 Samnio
734 3191 823 3244 cuius·
913 3209 972 3260 cap.
984 3193 1016 3244 21
1037 3193 1086 3260 §L
1103 3193 1133 3243 2:
1152 3191 1288 3260 Magnum
1299 3207 1332 3244 ea
1341 3190 1489 3259 populatio

212 3297 322 3348 cunque
352 3281 438 3333 ductu
467 3279 648 3350 auspicioque
678 3284 821 3350 geruntur,
877 3280 1011 3348 Campani
1035 3281 1096 3350 agri
1117 3281 1269 3334 tumultum
1288 3281 1392 3334 Rornae
1411 3297 1491 3348 prae-

209 3369 342 3422 Romanis
360 3369 474 3424 interim
492 3370 597 3423 bellum
612 3369 711 3439 ingens
726 3372 822 3426 multis
876 3371 975 3424 buerat
994 3374 1022 3424 et
1036 3389 1086 3441 per
1102 3389 1148 3426 eos
1162 3372 1234 3425 forte
1253 3369 1310 3424 dies
1330 3386 1363 3422 ex
1375 3368 1491 3423 Etruria

210 3475 243 3512 ex
258 3458 389 3527 gentibus
403 3466 518 3512 concitur
532 3479 606 3510 cuius
622 3469 711 3510 auctor
722 3465 821 3513 Gellius
877 3459 995 3512 9119111111
1018 3464 1079 3514 erat
1106 3495 1140 3502 —
1163 3466 1228 3531 post
1250 3461 1399 3515 deductam
1422 3460 1490 3514 inde

209 3551 342 3614 Egnatius
369 3566 403 3603 ex
430 3549 603 3604 Samnitibus
632 3552 700 3603 erat.
739 3549 821 3606 Tusci
876 3547 1094 3603 Volumnianum
1118 3551 1270 3606 exercitum
1294 3549 1491 3604 —Etruriam

209 3636 266 3690 fere
277 3626 372 3691 omnes
382 3638 575 3692 consciverant
583 3638 695 3704 bellum,
702 3649 823 3694 traxerat
877 3644 1001 3690 concitam
1019 3638 1048 3692 in
1068 3657 1145 3694 911119
1164 3651 1189 3692 et
1211 3646 1323 3692 Gellium
1341 3645 1490 3706 Egnatium

209 3731 325 3792 contagio
348 3733 483 3793 proximos
510 3733 631 3780 Umbriae
654 3735 763 3795 populos
792 3735 821 3785 91
877 3734 965 3779 ducem
986 3730 1014 3782 91
1037 3733 1144 3781 Umbros
1163 3735 1200 3780 ad
1217 3735 1382 3800 defectionem
1401 3735 1494 3780 vocari

210 3819 310 3867 Gallico
342 3821 444 3867 auxilio
477 3823 589 3872 mercede
616 3823 822 3870 sollicitabantur
876 3823 905 3873 et
924 3825 1010 3870 Gallos
1024 3824 1109 3885 pretio
1128 3825 1231 3884 ingenti
1246 3824 1388 3873 sollicitari.

210 3904 299 3957 omnis
317 3923 351 3959 ea
369 3905 522 3960 multitudo
541 3909 593 3960 991.

298 3993 357 4045 Hac
385 3998 482 4047 nostra
510 3995 651 4048 sententia
678 3997 844 4064 reprobatur
869 3997 892 4048 l.
913 3995 1045 4050 Gronovii
1069 3996 1232 4065 conjectura
1254 3997 1304 4066 qui
1327 3998 1401 4066 quod
1420 3998 1489 4052 dure

209 4081 316 4135 dictum
335 4086 419 4136 esset:
443 4081 599 4149 „Etruriam
618 4083 758 4138 9911911911
776 4085 806 4138 in
825 4103 903 4138 arma
918 4089 947 4139 et
957 4085 1078 4140 Gellium
1088 4084 1270 4155 Egnatium“;
1289 4091 1487 4156 proposuerat:

212 4213 233 4235 ,.
255 4213 260 4224 .
281 4211 286 4223 .
307 4172 446 4225 concitam
473 4171 503 4225 in
531 4190 620 4236 arma;
659 4176 688 4226 et
717 4173 836 4228 Gellium
868 4173 1021 4244 Egnatium
1050 4178 1078 4228 91
1106 4175 1225 4229 Umbros
1250 4216 1255 4228 .
1276 4215 1282 4227 .
1303 4217 1308 4230 .
1332 4193 1430 4230 vocare
1457 4180 1487 4230 91

210 4259 304 4313 Gallos
326 4301 332 4314 .
353 4303 359 4315 .
380 4261 579 4315 ,991119119111ι
632 4261 709 4326 Quae
742 4263 900 4317 emendatio
934 4280 1105 4332 quamquam
1137 4264 1228 4334 prima
1255 4265 1367 4333 quidem
1394 4265 1487 4334 specie

210 4366 380 4419 magnopere
399 4349 468 4403 mihi
487 4351 636 4416 arridebat,
656 4356 750 4406 tamen
766 4370 829 4406 cum
844 4353 941 4407 eadem
955 4352 1079 4408 eiusdem
1091 4352 1179 4406 fontis
1192 4353 1277 4407 verba
1290 4355 1352 4408 loco
1366 4357 1486 4422 utroque

209 4441 318 4495 subesse
337 4441 546 4506 intellexissem,
571 4441 657 4495 etiam
676 4445 795 4510 utroque
814 4443 876 4496 loco
896 4443 1133 4497 constructionem
1151 4443 1292 4512 passivam
1310 4443 1485 4498 retinendam

210 4546 267 4583 esse
287 4530 355 4583 mihi
374 4530 508 4599 persuasi.
