3134 5082
745 329 779 339 -
834 295 871 353 til
944 331 949 336 -

217 491 290 534 cum
318 476 475 534 certamen
500 477 644 533 exortum
669 476 762 552 osset,
790 473 851 554 ipsi
879 490 912 534 se
939 471 1003 534 fere
1031 471 1070 533 ad
1098 471 1344 535 internecionem
1368 470 1475 553 redcge

216 583 299 640 runt.
329 614 371 623 -
398 576 472 639 Jam
504 576 606 656 vides,
642 581 833 662 quantopere
867 578 1053 661 posteriores
1086 577 1252 661 scriptores
1287 576 1325 640 ab
1355 577 1477 660 antiquis

218 687 410 748 recesserint.
456 683 539 747 Nam
563 703 635 748 cum
659 682 812 766 Polybius
828 684 1035 748 Etruscorum
1059 686 1200 748 exercitu
1223 684 1372 748 adiuncto
1391 683 1479 747 Gallos

217 794 251 855 in
278 792 358 856 fines
380 792 596 855 Romanorum
622 793 777 856 invasisse
805 798 835 856 et
861 791 978 876 praeda
1006 797 1135 856 onustos
1164 793 1233 856 siue
1260 793 1326 856 ulla
1348 792 1480 855 cladein

217 901 352 983 patriam
374 919 516 963 reversos
539 899 665 980 referat,
688 898 799 963 Livius
823 899 861 962 de
884 898 1099 962 Romanorum
1122 897 1240 963 finibus
1262 901 1395 963 vastatis
1418 897 1481 960 mhi

218 1009 368 1091 comperti
391 1006 491 1088 habet,
515 1007 570 1070 sed
592 1006 743 1070 Etruscos
767 1026 807 1070 ex
830 1007 973 1070 hostibus
990 1006 1096 1070 Gallos
1119 1009 1221 1071 socios
1243 1007 1344 1071 facere
1368 1014 1482 1071 conatos
1535 1087 1536 1108 Χ

218 1114 360 1177 mercede
392 1133 445 1177 eos
477 1113 681 1194 conduxisse,
714 1113 804 1192 dicit,
839 1133 902 1197 qua
931 1119 1057 1197 accepta
1084 1113 1240 1177 auxilium
1268 1113 1431 1193 abnuisse,
1459 1112 1483 1172 ni

218 1242 309 1306 agros
333 1223 514 1305 acciperent.
546 1220 652 1284 Nimio
672 1222 769 1305 igitur
784 1223 903 1304 patriae
919 1240 1025 1284 amore
1041 1223 1135 1284 etiam
1149 1222 1202 1285 hic
1216 1223 1331 1285 veritas
1345 1220 1484 1284 historica

218 1330 384 1393 obscurata
415 1334 462 1392 est
494 1333 524 1392 et
555 1347 611 1411 pro
640 1346 677 1390 ea
703 1347 753 1390 res
782 1329 873 1391 tritae
901 1333 931 1391 et
958 1329 1092 1391 usitatae
1120 1326 1158 1391 ab
1187 1335 1313 1392 auctore
1334 1326 1420 1391 livii
1441 1345 1484 1388 er·
1534 1313 1536 1330 ⁴

217 1438 336 1520 positae
369 1441 456 1500 sunt:
503 1433 585 1496 Galli
617 1435 701 1496 enim
734 1440 770 1497 ut
798 1436 864 1516 jam
895 1434 1114 1514 Thouretius1)
1147 1434 1266 1516 docuit,
1304 1434 1430 1518 saepius
1458 1433 1484 1493 in

219 1543 386 1607 annalibus
413 1541 564 1604 Romanis
593 1542 760 1605 calliditate
789 1543 926 1625 quadam
954 1543 1114 1606 excellunt
1141 1547 1172 1606 et
1199 1542 1262 1605 fere
1291 1561 1415 1626 semper
1440 1539 1484 1603 ubi
1535 1635 1536 1638 Ἴ

222 1653 381 1734 apparent,
405 1668 496 1732 agros
519 1649 687 1732 postulant.
712 1685 753 1694 -

308 1756 415 1840 Pergit
442 1755 595 1838 Polybius
625 1763 735 1840 quarto
764 1777 847 1820 anno
875 1763 946 1840 post
972 1759 1168 1842 conspirasse
1196 1755 1302 1822 Gallos
1326 1756 1485 1820 Samnites·

221 1886 282 1951 que
317 1874 347 1929 et
378 1865 528 1928 Romanis
560 1867 594 1927 in
628 1864 820 1928 Camertium
852 1865 970 1928 finibus
1003 1885 1150 1949 maguam
1182 1866 1304 1928 cladem
1336 1866 1483 1936 intulisse

220 1994 283 2059 quo
315 1973 513 2036 incommodo
546 1975 588 2036 ita
621 1993 689 2036 esse
723 1972 938 2036 Romanorum
973 1975 1094 2037 animos
1128 1975 1285 2055 inritatos,
1319 1980 1354 2037 ut
1388 1973 1485 2058 paucis

222 2081 332 2145 diebus
360 2085 431 2165 post
458 2082 631 2144 exercitum
660 2081 830 2143 educerent
857 2087 887 2144 et
914 2083 948 2143 in
977 2102 1050 2164 agro
1075 2080 1229 2145 Sentinati
1252 2101 1326 2145 cunr
1350 2079 1484 2144 omnibus

219 2191 358 2253 hostium
382 2191 479 2272 copiis
502 2209 616 2252 manus
640 2193 853 2266 consererent;
883 2209 1015 2271 quorum
1041 2190 1206 2273 plerosque
1230 2209 1297 2252 esse
1319 2188 1483 2252 interfectos

220 2303 337 2362 ceteros
370 2297 499 2360 domum
531 2296 716 2379 confugisse.
762 2295 835 2359 dam
868 2316 963 2380 supra
995 2316 1068 2359 cum
1101 2297 1140 2359 de
1167 2296 1321 2380 capitibus
1350 2297 1389 2359 ad
1416 2296 1483 2357 hanc

219 2425 360 2490 pugnam
402 2402 633 2487 pertinentibus
677 2403 882 2487 disputarem,
927 2423 999 2466 eum
1038 2402 1127 2468 Livio
1170 2405 1203 2466 in
1247 2423 1283 2467 eo
1322 2401 1483 2466 consentire

220 2512 391 2594 Polybium
422 2510 546 2591 monui,
579 2509 663 2592 quod
696 2509 779 2572 solos
814 2509 920 2573 Gallos
954 2509 1174 2594 Samnitesque
1205 2529 1330 2594 pugnae
1362 2508 1484 2574 adbrisse

221 2625 253 2683 et
292 2625 364 2682 aute
395 2637 536 2702 pugnam
568 2617 761 2681 Sentinatem
793 2616 951 2681 Romanos
989 2618 1109 2680 cladem
1142 2619 1297 2701 accepisse
1329 2614 1483 2681 memoriae

218 2728 370 2812 proderet.
421 2725 528 2789 Huius
560 2726 657 2809 igitur
687 2744 814 2810 pugnae
847 2724 1013 2809 descriptio
1042 2723 1124 2788 Livii
1151 2726 1266 2789 melius
1294 2745 1368 2788 oum
1395 2727 1484 2788 incor-
1534 2701 1535 2744 1

219 2835 321 2918 ruptis
345 2834 562 2916 antiquiorum
585 2832 752 2896 annalibus
776 2833 938 2895 conciliari
960 2838 1075 2917 potest,
1109 2854 1205 2916 quam
1233 2853 1314 2916 quae
1342 2827 1483 2916 saprade

220 2942 362 3005 tumultu
392 2939 512 3004 Gallico
545 2941 709 3003 1011111455
737 2960 771 3002 u·
794 2959 819 3002 c.
851 2941 999 3024 legimus,
1032 2942 1122 3004 ciuus
1154 2942 1200 3004 rei
1232 2960 1268 3004 ea
1299 2943 1483 3024 potissimum

223 3068 318 3112 causa
341 3053 402 3127 est,
426 3048 511 3130 quod
534 3048 609 3110 inde
632 3069 650 3110 a
673 3068 738 3131 cap.
756 3048 886 3110 24-30
907 3031 1121 3131 'complurium
1144 3054 1309 3112 auctorum
1332 3049 1483 3111 relationes

221 3155 332 3220 livius
359 3157 443 3218 inter
470 3174 504 3219 se
527 3157 733 3238 comparavit,
763 3175 897 3239 quorum
922 3174 997 3220 suae
1021 3157 1157 3239 quisque
1179 3157 1353 3219 narrationi
1376 3147 1481 3237 aliquid

220 3265 289 3326 veri
324 3263 465 3326 inseruit.
521 3261 693 3346 Praecipue
727 3283 744 3326 e
775 3264 879 3326 verbis
914 3265 1102 3348 paragraphi
1133 3263 1320 3326 undecimae
1352 3282 1416 3347 cap.
1437 3257 1481 3322 25:

220 3371 274 3434 »ad
298 3371 442 3434 Glusium
455 3371 550 3454 quod
569 3369 696 3434 Camars
720 3373 795 3434 olim
819 3371 1030 3456 appellabant«
1053 3376 1180 3457 apparet
1202 3369 1291 3433 Fabii
1314 3370 1482 3433 relationem

223 3479 314 3561 quasi
347 3477 588 3540 frmdamentum
620 3477 717 3541 fuisse
749 3479 975 3542 recentioribus
1008 3478 1200 3556 auctoribus,
1236 3479 1291 3561 qui
1326 3483 1361 3540 ut
1395 3470 1482 3558 captur¹

222 3585 393 3666 legentium
425 3588 579 3648 servirent
611 3605 724 3648 nornen
757 3588 914 3648 recentius
949 3592 1162 3670 apposuerunt
1188 3587 1367 3664 vetustiori3
1396 3595 1483 3664 neque

223 3693 329 3754 minus
352 3693 468 3754 veritas
491 3693 640 3756 historica
661 3693 801 3776 perlucet
825 3711 842 3755 e
863 3694 1066 3777 paragraphis
1085 3694 1124 3755 10
1141 3699 1172 3757 et
1189 3694 1227 3756 11
1254 3713 1318 3777 cap.
1337 3693 1378 3754 26
1402 3705 1481 3775 quam
1533 3713 1534 3734 2

224 3805 331 3861 auctor
354 3801 555 3881 sequentium
578 3800 845 3883 paragraphorum
869 3819 932 3861 non
956 3801 1057 3883 potuit
1079 3820 1208 3884 prorsus
1232 3797 1435 3877 obscuraret).
1533 3761 1534 3850 1

317 4064 336 4131 ¹)
356 4062 411 4117 Der
431 4062 569 4117 Gallische
587 4065 679 4118 Brund
698 4083 724 4133 p.
744 4065 801 4118 130.

313 4152 335 4226 2)
354 4151 500 4212 Antiatem
524 4171 609 4222 supra
627 4152 745 4206 vidimus
770 4154 877 4208 cladem
895 4154 1051 4208 Romanam
1074 4155 1195 4209 secundo
1214 4154 1321 4224 proelio
1341 4153 1480 4208 obliterare.

703 4445 1020 4459 ,qv—w...-
