3216 5082
737 216 959 276 ,24-

300 394 386 456 Inest
420 395 453 456 in
487 394 547 456 hoc
580 394 681 476 capite
715 393 803 476 larga
837 393 1003 476 descriptio
1035 411 1159 475 pugnae
1191 399 1300 456 contra
1331 392 1501 456 Sanmites

212 503 412 582 commissae,
441 519 522 583 quae
544 501 679 562 eundem
703 501 785 583 sapit
807 508 982 580 auctorem,
1005 503 1096 582 cujus
1117 501 1258 562 indolem
1282 520 1318 562 ao
1341 509 1499 564 naturam

211 630 306 694 supra
334 611 400 691 jam
428 606 700 674 adumbravimus:
733 607 818 690 quod
845 612 882 668 ut
908 607 1022 670 melius
1050 613 1269 691 cognoscatur,
1302 609 1398 670 etiam
1428 608 1502 669 hoc

210 723 304 800 caput
335 718 369 778 in
401 715 543 797 singulas
575 716 666 796 quasi
698 714 874 777 discindam
906 716 1075 796 particulas
1098 734 1223 798 ,easque
1255 720 1414 798 quatenus
1442 717 1500 778 eis

211 822 290 885 fides
314 820 513 884 attribuenda
536 822 585 891 sit,
608 819 804 888 examinabo.

300 928 473 1011 Postquam
490 925 686 1009 aliquamdiu
702 925 794 988 ambo
810 927 956 988 consules
973 925 1007 1001 Q
1021 926 1138 990 Fabius
1150 926 1312 990 Maximus
1321 925 1356 989 P.
1370 925 1499 990 Decius

210 1038 283 1101 Mus
310 1036 501 1101 Samnitium
528 1034 608 1096 fines
634 1034 775 1117 populati
803 1040 891 1114 sunt,
923 1033 958 1109 Q
980 1033 1098 1096 Fabius
1125 1034 1164 1096 ad
1187 1035 1348 1097 Tifernum
1375 1037 1498 1118 iniquo

211 1145 279 1208 loco
301 1163 416 1206 manus
440 1162 511 1205 cum
535 1142 625 1204 hoste
647 1143 790 1204 conserit
835 1141 908 1204 Jam
931 1142 1022 1203 initio
1044 1161 1170 1224 pugnae
1193 1151 1355 1206 enarratae
1379 1151 1498 1204 auctor

210 1250 292 1314 Livii
324 1250 416 1314 nobis
448 1247 635 1334 persuadere
661 1249 744 1329 vult,
776 1247 931 1311 Samnites
964 1249 1092 1331 quando
1123 1251 1156 1312 in
1185 1257 1329 1332 apertum
1357 1251 1496 1330 semelll

210 1379 344 1423 evasura
366 1363 447 1421 esset
469 1376 528 1436 res,
559 1376 600 1419 ex
623 1356 700 1418 locis
722 1354 935 1439 superioribus
958 1358 993 1418 in
1016 1375 1154 1439 aequum
1177 1357 1375 1421 descendisse
1397 1363 1433 1420 ut
1459 1367 1496 1420 et

209 1469 270 1550 ipsi
289 1469 376 1548 justa
398 1466 464 1527 asie
486 1468 717 1544 concurrerent,
740 1481 837 1546 quam
859 1482 927 1526 rem
949 1464 1034 1526 hand
1056 1465 1100 1525 ita
1122 1463 1186 1526 lide
1208 1464 1337 1548 dignam
1360 1469 1494 1551 saepius

208 1573 324 1637 motam
347 1591 415 1636 esse
437 1572 580 1654 legimus,
603 1571 715 1634 veluti:
739 1569 797 1634 IX
824 1571 873 1632 13.
898 1571 917 1651 ς
940 1572 975 1632 4;
1000 1569 1157 1633 Sanmites
1180 1573 1213 1634 in
1237 1573 1307 1636 loca
1328 1576 1424 1658 plana
1443 1613 1491 1621 -—

210 1699 323 1764 agmen
339 1680 522 1755 demittunt3
546 1677 603 1740 [X
622 1679 671 1740 37.
690 1679 723 1739 2;
748 1677 896 1740 aviditate
910 1679 1072 1761 pugnandi
1088 1682 1338 1762 quamprimum
1352 1684 1387 1744 in
1403 1703 1493 1745 carn-

209 1806 266 1871 pos
294 1787 397 1850 delata
427 1785 522 1863 acies3
546 1783 685 1846 XXXV.
702 1785 731 1844 4.
758 1781 822 1863 72);
857 1790 887 1847 et
914 1791 998 1848 recto
1027 1806 1063 1848 ac
1082 1787 1168 1868 justo
1191 1789 1310 1871 proelio
1332 1789 1389 1851 ubi
1412 1809 1493 1852 vera

209 1895 348 1956 vinceret
384 1895 485 1954 virtus
523 1891 738 1954 dimicandum
776 1891 931 1954 viderunt
976 1931 1014 1938 -
1054 1892 1134 1955 Tum
1177 1913 1250 1956 cum
1289 1896 1491 1979 aliquamdiu

210 2002 338 2086 ancipiti
353 1999 454 2062 Marte
475 2005 650 2082 pugnatum
675 2003 763 2078 esset,
787 2000 878 2080 cujus
900 1999 946 2061 rei
968 1997 1078 2062 Livius
1101 2001 1152 2062 vel
1171 2003 1277 2083 potius
1293 2004 1360 2084 eJ'us
1376 2009 1491 2065 auctor

210 2109 289 2172 duas
304 2109 504 2192 potissimum
519 2125 630 2168 causas
646 2104 774 2188 affert-l),
790 2106 906 2169 Fabius
921 2104 1098 2169 Maximum
1113 2107 1216 2170 filium
1232 2117 1262 2172 et
1274 2108 1487 2172 M.Valerium

210 2215 353 2280 tribunos
376 2215 513 2277 militum
537 2212 658 2294 equites
682 2214 848 2293 adhortari,
871 2218 907 2276 ut
930 2215 1017 2275 omui
1040 2233 1134 2297 opera
1156 2214 1259 2278 adnisi
1280 2217 1435 2301 impetum
1450 2220 1488 2280 in

210 2324 315 2388 hostes
341 2322 491 2400 facerent,
519 2329 549 2384 et
572 2319 606 2383 P.
623 2319 801 2404 Scipionem
828 2321 966 2403 legatum
992 2322 1028 2382 in
1054 2322 1216 2404 proximos
1242 2329 1365 2386 montes
1389 2344 1488 2406 quam

211 2429 421 2492 occultissime
443 2429 581 2491 hastatos
604 2430 723 2512 primae
745 2430 878 2512 legionis
901 2428 1136 2491 circumducere
1154 2428 1251 2510 jubet
1291 2429 1486 2514 Supersedeo

211 2555 351 2617 monere,
390 2536 534 2618 quotiens
573 2537 716 2618 equitum
751 2555 876 2621 operam
910 2535 1112 2616 imperatores
1146 2539 1276 2620 exigant
1303 2557 1422 2621 eosque
1450 2545 1485 2602 ut

212 2645 364 2708 honorem
386 2642 524 2704 nominis
547 2641 681 2705 Romani
704 2649 861 2724 tueantur,
885 2642 1134 2723 adhortentur4),
1158 2645 1213 2706 sed
1235 2645 1316 2707 illud
1340 2645 1479 2709 adnotem
1578 2725 1579 2730 ἵ

210 2753 296 2814 hunc
324 2751 471 2834 equitum
498 2749 650 2832 impetum
678 2751 787 2813 eodem
814 2751 879 2814 fere
905 2751 998 2814 modo
1027 2754 1062 2812 ut
1089 2751 1124 2812 in
1151 2753 1252 2835 capite
1275 2754 1317 2815 28
1346 2753 1365 2833 ξ
1391 2754 1431 2814 11
1454 2757 1482 2815 et

212 2860 253 2922 36
283 2860 301 2940 ᾖ
327 2859 345 2920 5
378 2859 478 2921 nostri
510 2856 583 2920 libri
615 2858 654 2920 ad
685 2859 810 2920 irritum
843 2857 960 2920 cadere.
1010 2857 1090 2920 Tum
1110 2859 1203 2941 quod
1230 2858 1334 2943 Scipio
1361 2861 1484 2944 legatus

211 2986 247 3031 eo
270 2968 338 3050 ipso
360 2966 509 3049 temporis
528 2970 697 3046 momento,
720 2985 792 3027 cum
808 2967 947 3027 maxime
961 2964 1185 3049 premebantur
1198 2965 1342 3048 Romani,
1366 2968 1485 3030 auxilio

211 3213 376 3283 kchrnngeu
394 3230 458 3266 zum
467 3210 580 3265 Zweclre
598 3211 647 3265 der
655 3209 856 3281 Abstimmung
869 3210 921 3265 wic
934 3210 980 3265 die
995 3214 1094 3282 saepta
1107 3211 1166 3264 und
1179 3215 1280 3280 pontes
1294 3212 1342 3265 der
1356 3215 1487 3280 spateren

212 3301 273 3358 Zeit
290 3300 419 3371 unnbtig.
456 3299 495 3354 112
513 3299 575 3353 458.

300 3391 430 3446 Ceterum
457 3406 542 3458 quam
569 3389 622 3443 hoc
650 3392 679 3444 et
706 3389 768 3443 aliis
795 3389 861 3443 libri
883 3388 972 3444 nostri
996 3389 1064 3443 locis
1088 3389 1308 3444 moderationem
1332 3387 1364 3454 Q.
1383 3389 1486 3444 Fabius

212 3480 341 3546 ostendit,
361 3479 478 3535 eandem
492 3478 672 3549 cognovimus
686 3495 719 3533 ex
734 3478 804 3533 alius
819 3478 962 3548 scriptoris
975 3477 1143 3543 narratione,
1165 3479 1212 3532 sed
1226 3479 1269 3533 ita
1283 3497 1326 3533 res
1335 3477 1487 3534 immutata

212 3573 266 3633 est,
294 3574 327 3625 ut
349 3587 414 3623 cum
439 3568 470 3622 in
492 3569 598 3624 decimo
622 3568 693 3622 libro
712 3585 775 3622 suos
793 3569 956 3637 deprecetur
973 3567 1093 3622 honores
1110 3567 1223 3634 Fabius,
1252 3570 1327 3638 apud
1344 3569 1487 3624 Valerium

212 3658 364 3712 Maximum
383 3657 428 3711 IV.
450 3658 473 3711 1.
493 3659 508 3711 5
526 3674 562 3711 ne
579 3656 636 3710 filio
656 3659 833 3712 consulatum
851 3656 970 3710 Romani
988 3658 1131 3724 mandent,
1150 3661 1313 3713 constanter
1330 3661 1406 3728 agat.

303 3749 323 3817 ¹)
342 3746 486 3802 Particula
502 3747 616 3812 ,semel“
638 3747 712 3815 apud
722 3746 831 3800 Livium
849 3745 959 3815 saepius
977 3764 1042 3801 cum
1060 3747 1317 3802 coniunctionibus:
1336 3753 1361 3798 si
1372 3746 1404 3800 V.
1415 3746 1484 3800 235

212 3849 243 3890 ut
259 3837 301 3892 Vl.
321 3837 363 3890 32.
383 3836 399 3890 8
423 3841 545 3903 quantam
563 3836 607 3890 XI.
630 3835 670 3890 13.
691 3837 705 3888 7
734 3841 839 3903 quando
865 3836 897 3890 X.
920 3837 996 3891 148
1024 3838 1211 3908 coniungItur.
1252 3839 1346 3893 Unum
1374 3839 1485 3890 tantum

213 3926 367 3982 exscribam
385 3926 486 3990 locum,
506 3942 589 3993 quem
607 3925 691 3979 velim
710 3943 773 3978 cum
791 3924 924 3996 Dionysio
943 3926 989 3981 VI.
1000 3927 1034 3980 33
1053 3929 1185 3982 conferas.
1218 3927 1311 3982 Livius
1329 3926 1374 3980 VI.
1394 3927 1436 3981 32.
1455 3926 1483 3979 8:

212 4027 243 4068 ut
258 4020 337 4068 semel
352 4012 500 4068 inclinavit
518 4031 625 4084 pugna3
645 4012 801 4084 Dionysius.
820 4015 838 4067 1.
852 4016 874 4069 l:
894 4015 933 4072 ὡς
951 4013 973 4067 δ’
995 4013 1082 4078 ἅπαξ
1098 4015 1266 4083 ἀνεκόπησαν
1285 4035 1325 4085 sq.

303 4105 323 4169 ²1
345 4104 485 4173 Ungerum
503 4103 528 4156 si
540 4103 668 4172 sequeris,
686 4120 720 4158 ex
728 4103 845 4157 Antiate
856 4103 911 4157 hoc
923 4107 1009 4173 caput
1021 4105 1113 4158 fluxit:
1132 4104 1182 4159 Die
1191 4110 1260 4159 rbm.
1272 4105 1387 4170 Quellen
1406 4123 1431 4173 p.
1442 4104 1483 4158 85.

303 4193 324 4254 ³)
345 4193 418 4246 Idem
437 4195 493 4248 lere
511 4192 580 4247 dicit
598 4192 690 4247 Livius
708 4192 766 4246 VH.
782 4192 823 4246 37.
838 4192 868 4245 4:
889 4199 1030 4246 ....omrn'
1046 4199 1134 4245 robore
1143 4197 1293 4260 juventutis
1307 4195 1389 4248 domo
1408 4198 1484 4244 accito

212 4289 352 4338 certamine
370 4289 460 4335 ultimo
477 4283 620 4337 fortunam
638 4280 756 4350 experiri
774 4281 884 4335 statuit.
922 4281 998 4335 Gonf.
1018 4286 1105 4352 praet.
1124 4283 1182 4336 VII.
1203 4284 1226 4336 l.
1246 4283 1270 4336 5.

302 4375 323 4445 ⁴)
342 4372 478 4428 Similiter
500 4377 598 4427 auctor
621 4388 681 4440 cap.
702 4371 733 4425 31
758 4371 823 4426 libri
841 4370 954 4424 XXXIX
972 4388 1080 4440 pugnas
1104 4371 1261 4436 exornavit,
1286 4370 1357 4425 conf.
1376 4371 1481 4440 Unger;

212 4463 255 4512 die
273 4467 341 4516 rbm.
362 4463 476 4529 Quallen
495 4481 555 4532 sqq.
574 4479 600 4532 p.
618 4461 675 4515 142.
1050 4461 1053 4466 ’
