3216 5082
751 259 971 322 „18-

223 438 387 520 1111111111).
444 437 554 502 Livius
588 440 673 502 enim
710 440 793 501 lurnc
828 457 933 500 rerum
970 438 1111 500 ordinem
1147 437 1286 500 exhibet:
1326 435 1498 520 Postquam

223 546 379 610 Samnites
413 567 501 610 arma
532 552 562 610 et
590 546 793 610 rebellionem
822 553 961 629 spectare
989 567 1006 608 a
1036 546 1217 609 Picentibus
1246 549 1425 609 nuntiatum
1453 553 1500 608 est

225 653 367 737 -quod
391 673 474 717 anno
500 655 659 716 455111.
683 653 802 716 factum
827 660 972 716 narratur
992 694 1033 702 —
1057 658 1087 715 et
1109 652 1244 717 Romani
1268 673 1341 715 cum
1363 652 1500 715 Lucanis

221 761 333 824 foedus
361 763 548 842 iunxerunt,
575 761 695 824 fetiales
719 781 738 824 a
760 759 911 824 Romanis
935 762 1024 823 missi
1048 780 1081 823 re
1104 759 1220 822 iniecta
1243 797 1284 805 ——
1309 779 1383 822 nam
1406 761 1501 842 legati

222 867 427 944 Samnitium,
459 888 498 931 ne
530 868 700 930 concilium
732 869 766 929 in
795 868 923 930 Samnio
947 868 1069 930 adirent
1096 886 1149 929 eos
1172 874 1434 950 praemenuerant
1458 904 1501 912 -

223 975 355 1038 Romam
370 975 539 1039 redierunt.
564 973 666 1050 Quam
684 973 722 1037 ab
739 994 865 1037 oausam
882 974 999 1037 bellum
1017 975 1167 1037 indicitur
1183 975 1267 1057 quod
1284 994 1301 1036 a
1318 973 1372 1036 On.
1389 974 1501 1037 Fulvio

224 1083 367 1161 consule,
402 1085 455 1166 qui
487 1081 643 1146 Samnites
668 1082 705 1144 ad
734 1081 914 1144 Bovianum
942 1083 1025 1144 clara
1048 1061 1155 1164 pugna
1183 1080 1340 1162 deiicit2),
1371 1082 1503 1144 feliciter

221 1192 349 1274 geritur.
402 1187 464 1253 Sed
495 1191 624 1253 maioris
656 1197 731 1252 sunt
764 1190 928 1270 momenti,
962 1207 1042 1272 quae
1070 1188 1108 1251 de
1141 1187 1235 1251 rebus
1259 1208 1277 1250 a
1300 1187 1444 1270 Scipione
1469 1190 1502 1249 in

222 1297 350 1362 Etruria
371 1299 468 1382 gestis
491 1297 679 1360 referuntur.
718 1294 836 1359 Lucius
860 1299 945 1359 enim
969 1294 1082 1378 Scipio,
1106 1296 1157 1357 oui
1181 1294 1308 1358 Etruria
1331 1294 1504 1357 obvenerat

222 1407 385 1490 provincia
408 1421 547 1488 pugnam
571 1404 610 1466 ad
635 1403 815 1467 Volaterras
844 1405 1023 1482 committit,
1048 1421 1129 1485 quae
1156 1408 1247 1465 nocte
1275 1404 1503 1465 interveniente

223 1511 390 1576 dirimitur.
438 1511 530 1574 Hanc
554 1511 624 1574 aliis
648 1510 723 1573 alibi
747 1511 883 1574 numetis
907 1511 1101 1573 simillimam
1125 1528 1194 1574 esse
1213 1512 1278 1591 jam
1294 1510 1407 1572 lhnius
1430 1515 1503 1572 ante

222 1637 273 1682 me
296 1617 462 1699 11111113),
491 1637 548 1701 ego
572 1623 678 1681 autem
703 1638 897 1701 quamquam
922 1636 972 1680 me
996 1637 1059 1680 uon
1083 1619 1231 1701 praeterit
1253 1617 1410 1680 lubricum
1434 1615 1503 1680 es'se

222 1744 262 1786 ex
295 1724 452 1788 eiusmodi
484 1724 610 1786 iudiciis
643 1731 764 1787 certum
798 1724 955 1806 quendam
989 1725 1173 1807 scriptorem
1206 1742 1314 1786 eruere
1347 1725 1427 1786 velle
1461 1765 1501 1774 -

223 1851 297 1894 nam
320 1849 469 1916 persaepe
491 1832 526 1893 in
550 1830 718 1894 annalibus
741 1835 832 1893 nocte
848 1831 898 1893 vel
914 1829 1152 1914 tempestatibus
1169 1831 1319 1893 diremtae
1335 1839 1503 1894 narrantur

220 1937 377 2022 pugnae4)
395 1973 436 1983 -
453 1956 494 2001 ex
517 1938 575 2000 hoc
598 1939 666 2001 loco
691 1940 717 2000 si
741 1957 805 2000 non
828 1955 953 2018 nomen,
978 1944 1060 2000 certe
1083 1943 1215 2000 aetatem
1239 1940 1376 2000 auctoris
1399 1940 1502 2000 evinci

222 2063 313 2128 posse
346 2045 422 2108 mihi
454 2059 641 2128 persuasum
669 2044 775 2108 habeo.
832 2045 869 2107 ln
900 2046 999 2128 rapite
1027 2046 1112 2107 euim
1140 2046 1231 2107 tertio
1254 2047 1403 2108 ricesimo
1429 2046 1501 2108 libri

222 2154 298 2215 noni
334 2153 462 2236 legitur:
507 2171 588 2215 »nox
626 2153 761 2216 incertos
794 2153 869 2216 victi
901 2153 1077 2216 victoresne
1110 2159 1214 2215 essent
1252 2152 1390 2214 diremit«
1422 2171 1502 2234 quae

221 2257 318 2320 verba
342 2264 534 2343 quantopere
557 2277 630 2320 cum
654 2259 784 2322 nostis:
823 2278 903 2321 >nox
926 2260 1054 2322 incertis
1078 2279 1142 2341 qua
1165 2259 1237 2321 data
1259 2259 1391 2320 victoria
1413 2267 1501 2338 esset,

220 2366 404 2429 intervenit«
442 2367 624 2450 conspirent
657 2365 858 2449 eundemque
892 2371 1050 2428 auctorem
1086 2367 1209 2448 sapiant
1243 2383 1305 2426 non
1343 2384 1422 2448 opus
1457 2373 1500 2428 est

222 2473 449 2550 demonstrare,
488 2473 543 2536 sed
582 2473 663 2537 illud
695 2473 791 2536 velim
830 2475 942 2558 respici
977 2475 1188 2536 narrationem
1221 2475 1298 2535 noni
1330 2472 1402 2535 libri
1434 2475 1499 2556 ipso

222 2579 311 2642 Livio
334 2585 412 2643 teste
437 2579 633 2664 desumptam
659 2599 726 2644 essa
750 2583 964 2664 exscriptore
988 2580 1026 2642 ab
1051 2580 1129 2660 aliie,
1154 2580 1209 2663 qui
1226 2580 1389 2642 adversam
1405 2581 1498 2642 luisse

223 2706 364 2769 pugnam
400 2686 439 2748 ad
474 2685 624 2751 Lautulas
660 2687 818 2768 dicebant,
855 2687 1040 2750 discedente.
1096 2687 1168 2750 Jam
1202 2687 1281 2749 forte
1316 2690 1434 2768 evenit,
1468 2697 1494 2749 ut

317 2899 335 2964 ¹)
355 2897 504 2966 Dionysius
528 2897 603 2950 XVII
624 2899 636 2950 1
657 2898 690 2951 K.
711 2915 772 2952 eam
803 2915 916 2951 causam
945 2897 1013 2952 belli
1045 2897 1126 2952 affert
1153 2915 1238 2966 quam
1265 2897 1358 2951 Livius
1387 2916 1449 2967 cap.
1471 2897 1495 2950 11

222 2989 256 3054 ἕξ
278 2987 381 3040 11-13
404 2986 532 3054 exponit,
563 2987 651 3041 altero
676 2991 771 3040 autam
793 2987 951 3056 fragmento
975 2987 1090 3040 XVll.2
1111 2987 1143 3040 K.
1167 2987 1303 3052 efficitur,
1333 2989 1499 3058 disceptasse

222 3077 297 3130 inter
324 3093 352 3130 se
371 3076 560 3129 Romanorum
588 3076 696 3146 legatos
716 3075 911 3144 Samnitesque
941 3095 1004 3130 cum
1032 3077 1183 3129 seeundum
1211 3077 1282 3130 Livii
1309 3079 1500 3132 narrationem

221 3165 329 3220 fetiales
357 3164 471 3233 aliquod
495 3165 525 3218 in
550 3165 663 3220 Samnio
688 3165 838 3219 concilium
862 3165 936 3220 adire
961 3166 1042 3219 vetiti
1065 3170 1164 3219 essent.
1208 3167 1240 3219 11
1264 3166 1355 3220 fontes
1375 3167 1445 3220 Livii
1470 3184 1500 3220 ex

221 3255 265 3308 his
285 3254 411 3323 Dionysii
429 3254 555 3308 frustulis
573 3255 652 3308 nulla
670 3255 809 3309 redundat
827 3256 882 3310 1111.

312 3344 333 3412 ²)
352 3343 414 3398 Non
428 3343 709 3413 praetermittendum
724 3362 783 3398 esse
798 3361 896 3398 censeo
912 3345 982 3398 Livii
993 3344 1153 3400 testimonio
1164 3345 1208 3400 IX.
1222 3345 1265 3398 44.
1283 3347 1315 3399 15
1332 3347 1496 3415 π1111111111α

222 3431 369 3486 tradidisse
388 3432 425 3488 M.
436 3432 563 3486 Fulvium
584 3450 658 3486 anno
677 3433 730 3486 449
749 3451 776 3487 u.
787 3451 811 3487 c.
831 3433 985 3486 Bovianum
1005 3433 1118 3502 cepisse,
1134 3452 1219 3503 quam
1233 3435 1398 3490 relationem
1412 3433 1499 3490 secuti

222 3525 287 3575 sunt
314 3521 379 3575 fasti
408 3523 564 3576 consulares
584 3525 612 3576 et
631 3521 823 3591 triumphales.
849 3539 923 3591 corp.
949 3523 1030 3576 inser.
1055 3524 1104 3576 lat.
1125 3524 1143 3576 l.
1159 3524 1218 3577 433.
1238 3525 1299 3578 456.
1325 3556 1357 3562 -
1381 3523 1418 3577 Et
1441 3524 1499 3593 ipse
1579 3553 1580 3572 1

223 3611 270 3664 Gn.
300 3611 412 3665 Fulvius
441 3613 537 3666 consul
566 3611 633 3664 anni
651 3613 704 3666 456
732 3613 883 3665 secundum
911 3613 1008 3666 verba:
1046 3611 1215 3676 ,Bovianum
1242 3614 1307 3667 inde
1335 3617 1496 3682 1113111111Ι

222 3699 340 3753 eandem
358 3700 453 3753 urbem
473 3700 557 3770 cepit.
635 3749 637 3754 .

314 3788 334 3858 ³)
354 3788 479 3842 Historia
493 3790 620 3843 Romana
639 3790 658 3843 1.
675 3790 734 3844 392.
755 3807 778 3843 a.
799 3792 845 3853 223
866 3793 912 3846 sed
932 3809 1016 3859 quarn
1036 3790 1248 3845 similitudinem
1267 3790 1341 3846 inter
1360 3792 1415 3846 Liv.
1436 3793 1497 3844 lli

225 3878 237 3930 1
258 3882 287 3932 et
305 3879 338 3932 X.
356 3879 396 3931 12.
417 3879 433 3930 5
452 3878 554 3932 statuit
572 3879 614 3934 vir
632 3878 756 3943 illustris,
776 3897 839 3933 eam
856 3879 953 3934 multis
973 3880 1035 3933 aliis
1054 3884 1148 3934 extare
1166 3880 1234 3933 locis
1254 3881 1409 3950 apparebit.

314 3967 335 4035 ⁴)
354 3966 418 4019 Jam
437 3968 512 4036 apud
531 3967 653 4022 Ennium
671 3969 764 4022 annal.
787 3970 846 4023 rell.
866 3969 898 4023 V.
915 3971 931 4022 2
951 3989 975 4024 v.
998 3970 1046 4022 172
1066 3969 1097 4022 V.
1117 3969 1232 4038 legitur:
1264 3970 1383 4034 ,bellum
1402 3969 1498 4038 aequis

223 4056 351 4109 manibus
378 4074 434 4110 nox
461 4056 633 4127 intempesta
660 4057 786 4112 diremit“
818 4077 902 4127 quern
931 4077 1041 4113 versum
1069 4059 1183 4113 exhibet
1206 4059 1278 4113 Acro
1307 4060 1343 4112 ad
1365 4059 1431 4114 Hor.
1455 4076 1496 4128 ep.

223 4144 255 4198 Il.
270 4147 294 4198 2.
315 4146 347 4198 91
372 4145 442 4199 haec
465 4146 581 4200 addens:
609 4150 642 4200 nt
665 4146 785 4200 Romani
809 4149 950 4215 quondam
973 4152 1172 4216 pugnaverunt
1196 4165 1259 4201 cum
1278 4146 1405 4200 hostibus
1425 4145 1498 4199 Sam-

222 4231 336 4287 nitibus.
378 4232 496 4288 Dubitat
519 4235 661 4290 Vahlenua
688 4235 718 4288 in
741 4236 952 4304 quaestionibus
971 4235 1105 4289 Ennianis
1128 4255 1155 4306 p.
1170 4238 1205 4290 45
1228 4240 1323 4289 utrum
1346 4253 1440 4290 versus
1463 4235 1498 4287 ad

224 4320 280 4374 Vll.
292 4321 326 4375 33
345 4339 381 4375 an
400 4323 531 4377 1111112
550 4324 709 4379 referendus
728 4324 772 4380 ait.
806 4324 900 4379 Nolim
918 4325 1075 4379 Vahlenum
1098 4326 1132 4379 de
1154 4329 1250 4379 nostro
1269 4325 1331 4379 loco
1352 4323 1496 4394 cogitasse,

223 4428 288 4464 nam
308 4429 371 4466 eum
391 4411 523 4477 Etruscis,
543 4432 599 4467 non
623 4431 686 4467 cum
705 4413 877 4467 Samnitibus
896 4431 939 4468 res
958 4413 1072 4483 geritur.
1092 4446 1125 4453 —
1151 4414 1257 4468 Confer.
1277 4418 1423 4484 praeterea
1441 4412 1495 4466 liv.

223 4499 267 4554 IV.
288 4500 329 4556 39.
358 4501 413 4555 Vll.
434 4502 476 4556 33.
506 4502 550 4556 lX.
569 4503 611 4555 23.
631 4502 739 4558 XXVII.
759 4504 783 4556 2.
812 4502 919 4557 XXXV.
939 4504 980 4557 21.
1018 4502 1144 4571 Dionys:
1164 4503 1196 4557 V.
1216 4504 1258 4558 39.
1277 4504 1321 4558 46.
1350 4503 1394 4556 IX.
1416 4504 1454 4556 13.
