3216 5082
735 211 954 272 „20-

294 386 355 450 Sed
378 388 444 469 jam
473 388 646 450 orationem
674 391 815 450 nostram
843 387 1041 451 reflectamus
1070 388 1109 451 ad
1138 394 1233 471 caput
1260 389 1504 452 duodecimum

204 497 302 558 nostri
328 494 409 558 libri.
450 493 537 570 Quae
560 501 630 578 post
652 515 791 578 pugnam
815 495 1047 558 adVolaterras
1071 498 1272 559 commissam
1295 497 1334 560 de
1357 496 1507 560 Etruria

205 602 384 686 aScipione
406 608 536 684 vastata,
560 603 598 665 de
622 602 756 666 castellis
779 604 922 687 vicisque
932 603 952 682 1)
974 604 1111 666 incensis
1127 603 1257 667 uberius
1273 605 1507 687 proferuntur,

205 713 249 774 ita
276 717 352 774 sunt
380 716 574 794 comparata,
603 716 637 774 ut
661 711 745 793 quod
768 710 862 773 fuerit
885 709 1040 795 Scipionis
1064 711 1139 774 belli
1161 713 1292 794 gerendi
1316 713 1507 776 consilium

205 838 246 882 ex
278 821 323 882 eis
355 818 536 902 intellegere
568 837 706 902 nequeas
714 817 746 898 ²).
777 855 818 864 -
847 816 908 882 Sed
939 821 1126 902 priusquam
1159 820 1198 883 ad
1231 824 1325 903 caput
1358 821 1507 883 tertium

206 927 362 990 decimum
396 932 567 1008 transeam,
598 928 714 990 iterum
745 926 880 990 breviter
913 928 951 990 de
981 927 1202 1011 discrepantia,
1231 947 1312 1010 quae
1335 934 1383 992 est
1403 929 1509 991 inter

209 1034 333 1098 Livium
348 1038 379 1098 et
392 1033 489 1097 fastos
503 1035 718 1118 triumphales,
742 1035 920 1098 edisseram.
951 1035 1033 1098 Nam
1050 1055 1123 1098 cum
1139 1033 1248 1099 livius
1265 1035 1319 1098 On.
1337 1036 1506 1100 Fulvium

207 1141 245 1204 de
277 1139 472 1204 Samnitibus
506 1140 544 1202 ad
577 1140 756 1204 Bovianum
787 1142 880 1204 victis
913 1141 987 1204 soIis
1020 1141 1230 1225 triumphasse
1258 1142 1417 1216 exhibeat,
1461 1145 1506 1204 in

206 1248 295 1310 fastis
333 1246 576 1330 triumphalibus
615 1247 654 1309 ad
693 1248 778 1310 hunc
816 1267 936 1310 annum
976 1247 1014 1310 de
1049 1245 1244 1311 SamnItibus
1279 1246 1504 1331 Etruscisque

208 1356 319 1437 agitur,
344 1355 533 1437 quibuscum
552 1353 732 1435 ‚Ehontinib
756 1355 893 1417 narratio
917 1356 972 1438 qui
998 1355 1161 1438 complura
1184 1354 1290 1418 Fulvii
1312 1354 1502 1418 Nobilioris

207 1461 373 1543 cujusdam
397 1465 617 1544 strategemata
637 1460 772 1543 exhibet,
796 1463 972 1526 consentire
987 1461 1112 1525 videtur
1127 1481 1164 1524 ac
1178 1467 1342 1546 propterea
1357 1467 1449 1526 erant
1457 1462 1502 1543 4),

209 1569 265 1652 qui
293 1567 332 1630 ad
359 1586 480 1630 annum
502 1567 567 1630 456
591 1588 622 1630 u.
646 1587 670 1630 c.
699 1568 756 1631 has
779 1567 884 1631 Fulvii
907 1568 1078 1632 Nobilioris
1105 1587 1155 1632 res
1182 1573 1286 1652 gestas
1309 1568 1500 1631 referendas

210 1693 278 1738 esse
311 1675 522 1757 opinarenhu.
572 1674 674 1738 Aliter
706 1680 811 1738 autem
838 1653 1002 1758 Pignus'r)
1036 1694 1173 1758 eumque
1200 1679 1327 1738 secutus
1355 1673 1501 1738 Momm-

210 1779 338 1859 senus⁶l
378 1782 433 1864 qui
471 1801 554 1844 anno
588 1782 653 1845 455
677 1802 707 1844 u,
731 1802 756 1845 c.
789 1781 933 1845 Frontini
973 1783 1227 1845 narratiunculas
1268 1781 1498 1862 attribuerunt,

211 1888 296 1972 quod
327 1889 362 1950 in
393 1888 482 1978 fastis
513 1888 757 1972 triumphalibus
781 1889 821 1951 M.
845 1888 978 1952 Fulvius
1007 1887 1061 1951 On.
1085 1888 1104 1950 f.
1130 1888 1183 1951 On.
1208 1908 1238 1950 n.
1267 1890 1344 1951 anni
1376 1890 1498 1972 prioris
1572 1879 1573 1884 ¹

211 1996 322 2060 consul
345 2015 410 2058 non
433 1996 536 2058 solum
560 1996 598 2059 de
621 1996 868 2079 Nequinatibus,
896 1996 951 2059 sed
974 1997 1068 2058 etiam
1093 1995 1132 2058 de
1155 1993 1350 2058 Samnitibus
1374 1995 1496 2079 quibus

303 2225 323 2295 1)
341 2225 470 2295 Ungerus
480 2225 510 2278 in
520 2224 757 2279 commentatione
768 2224 879 2293 saepius
888 2224 1019 2278 laudata:
1030 2223 1081 2280 Die
1090 2230 1160 2278 rom.
1170 2224 1287 2290 Quellen
1297 2226 1323 2279 d.
1333 2225 1427 2280 Livius
1438 2230 1493 2280 ect.

211 2334 239 2385 p.
263 2314 312 2368 132
341 2314 526 2369 locutionem:
567 2315 700 2379 ,castella
721 2314 848 2383 vicique“
877 2314 1002 2368 Antiatis
1029 2314 1174 2384 propriam
1200 2331 1260 2368 esse
1287 2314 1392 2370 docuit.
1439 2315 1494 2370 Sed

211 2405 272 2475 ipse
295 2403 338 2459 vir
364 2403 540 2458 doctissimus
565 2403 626 2471 jam
650 2402 798 2458 adnotavit
821 2403 999 2458 substantiva
1022 2403 1111 2458 citata
1134 2403 1220 2458 etiam
1243 2403 1270 2456 in
1296 2403 1335 2457 eis
1359 2403 1492 2458 Idrianae
1572 2393 1573 2396 ¹

213 2493 381 2548 narrationis
408 2493 536 2563 partibus
564 2493 694 2558 inveniri,
725 2511 797 2562 quae
825 2493 884 2548 sine
911 2493 996 2548 dnbio
1020 2495 1057 2547 ad
1074 2493 1222 2563 Polybium
1244 2493 1405 2548 referendae
1424 2493 1491 2548 sint:

212 2583 335 2638 XXXIII.
357 2583 397 2637 18.
418 2584 460 2637 20.
488 2582 635 2636 XXXVIII.
656 2582 698 2647 30,
718 2586 742 2636 9.
762 2582 839 2648 312.
860 2582 937 2649 38,4.
966 2583 1045 2637 XLV.
1061 2584 1104 2636 29.
1124 2585 1148 2637 9.
1167 2616 1201 2623 —
1221 2583 1297 2638 Haec
1316 2583 1490 2637 substantiva

209 2672 271 2742 jam
302 2690 320 2726 a
350 2671 489 2727 veteribus
522 2672 666 2727 annalium
694 2671 876 2742 scriptoribus
904 2672 1032 2726 adhibita
1055 2690 1126 2738 esse,
1155 2673 1218 2726 inde
1237 2671 1357 2726 maxime
1381 2672 1484 2742 colligo,

214 2762 290 2832 quod
317 2762 393 2832 apud
416 2761 569 2816 Diodorum
590 2761 660 2815 XIX.
681 2763 727 2826 72,
756 2761 804 2830 qui
827 2761 904 2816 locus
924 2779 939 2816 e
957 2761 1093 2831 scriptore
1111 2762 1238 2816 Romano
1256 2760 1350 2825 fluxit,
1375 2761 1486 2830 legitur:

123 2859 126 2866 “
214 2850 403 2920 πολίσματα
427 2856 481 2904 καὶ
505 2853 606 2922 χωρία
625 2851 682 2905 scil.
701 2851 898 2922 προσαγόμενοι
917 2867 988 2920 qnae
1008 2851 1092 2905 verba
1110 2850 1265 2905 versionem
1284 2867 1343 2904 esse
1362 2867 1493 2920 graecam

216 2941 379 2995 locutionis:
402 2940 533 3008 ,castella
551 2939 676 3010 vicique“
698 2939 805 3009 opinor.

305 3030 327 3101 2)
345 3030 427 3084 Hunc
446 3030 482 3082 ad
499 3030 593 3084 locum
611 3029 734 3099 pertinet
752 3029 898 3098 inscriptio
918 3027 1080 3098 sepulcralis
1098 3027 1127 3082 L.
1148 3027 1269 3082 Cornelii
1288 3026 1440 3096 Scipionis:

501 3118 643 3173 Cornelius
662 3119 762 3174 Lucius
781 3117 874 3189 Scipio
893 3119 1030 3173 Barbatus

502 3207 629 3263 Gnaivod
647 3211 727 3279 patre
745 3212 909 3279 prognatus,
928 3207 1008 3263 fortis
1026 3207 1069 3262 vir
1087 3205 1252 3276 sapiensque

503 3297 608 3363 Quoius
626 3297 716 3352 forma
734 3297 850 3352 virtutei
868 3297 1012 3367 parisnma
1029 3295 1091 3351 fuit.

502 3387 603 3442 Consol
622 3386 724 3442 Censor
742 3386 856 3453 Aedilis,
877 3387 925 3456 qui
943 3385 998 3440 fuit
1016 3387 1092 3456 apud
1110 3403 1159 3441 vos

502 3475 637 3532 Taurasia
655 3476 774 3531 Cisauna
792 3475 905 3531 Samnio
925 3475 1001 3546 cepit

504 3565 617 3635 Subigit
635 3583 717 3620 omne
736 3566 894 3620 chcanam
914 3563 1023 3634 opsides
1042 3563 1180 3618 abdovcit.

222 3655 296 3720 Quas
316 3657 412 3708 autem
430 3671 473 3708 res
493 3653 644 3708 secundum
662 3654 717 3707 hoc
736 3654 859 3724 elogium
877 3653 907 3706 in
926 3652 1039 3706 Samnio
1059 3656 1088 3706 et
1106 3652 1135 3706 in
1150 3651 1274 3706 Lucania
1293 3652 1379 3722 gessit
1393 3651 1495 3722 Scipio,

219 3761 265 3798 eas
284 3745 320 3797 ad
340 3744 516 3798 consulatum
534 3743 692 3798 referendas
703 3761 770 3798 ‘esse
789 3746 908 3798 constat.
942 3741 995 3796 Sed
1013 3759 1065 3796 nec
1084 3759 1148 3796 curn
1167 3741 1245 3796 Livio
1263 3758 1315 3796 nec
1335 3759 1398 3796 cum
1416 3740 1496 3794 fastis

221 3833 439 3904 triumphalibus
452 3832 499 3886 hic
513 3833 613 3887 titulus
628 3832 772 3887 conciliari
781 3836 884 3903 potest.
910 3831 1047 3898 Quoniam
1058 3835 1152 3886 autem
1162 3830 1309 3885 Ritschelii
1317 3830 1496 3885 illustrissimi

220 3923 272 3976 viri
299 3923 537 3978 commentatione
565 3922 658 3977 edocti
686 3941 780 3977 sumus
807 3923 861 3976 hoc
889 3921 1011 3992 elogium
1038 3921 1095 3975 fere
1123 3937 1196 3974 anno
1225 3921 1337 3974 demum
1355 3921 1408 3975 520
1427 3939 1453 3973 u.
1471 3936 1494 3973 c.

221 4013 408 4082 compositum
427 4045 460 4052 -
480 4030 573 4084 opusc.
594 4012 638 4067 IV.
658 4014 710 4066 226
730 4045 762 4051 -
782 4029 818 4066 ne
837 4029 871 4066 ex
888 4010 1074 4079 hocquidem
1097 4009 1183 4064 titulo
1203 4009 1272 4064 certi
1291 4009 1445 4079 quidquem
1462 4009 1494 4062 de

221 4104 303 4157 rebus
322 4103 390 4172 ipsis
411 4102 546 4156 constitui
564 4105 666 4172 potest.

313 4192 334 4262 ³)
353 4191 505 4246 Frontinus
525 4193 544 4246 Ι.
565 4192 589 4245 6.
612 4192 669 4255 1,2.
708 4193 727 4245 Ι.
750 4191 790 4243 11.
811 4192 835 4242 2.

312 4282 332 4346 ⁴)
351 4280 447 4335 Veluti
466 4279 634 4335 Niebuhrius
652 4279 718 4333 hist.
737 4280 854 4334 Roman.
873 4277 926 4331 1113
944 4278 1093 4332 Ana-423.

313 4371 334 4438 ὁ)
353 4369 470 4440 Pighius
489 4370 580 4423 annal.
601 4371 620 4423 1,
640 4370 700 4422 386.

315 4459 542 4530 ⁶)Mom1nsenus
562 4476 636 4528 corp.
656 4458 736 4511 inscr.
757 4458 805 4512 lat.
826 4459 845 4510 1.
865 4475 891 4526 p.
908 4457 939 4510 11
960 4474 1020 4525 sqq.
