3134 5082
163 705 188 772 J
190 728 251 771 am
278 714 431 792 superest,
454 691 649 772 utbreviter
676 714 850 772 ceterorum
880 698 1043 774 auctorum
1065 693 1236 774 latinorum
1262 713 1370 774 narra-

72 816 177 878 tiones
205 815 253 878 ad
278 816 364 879 hunc
388 815 545 879 decimum
560 814 678 878 librum
693 818 884 899 pertinentes
899 821 1099 900 pertractem,
1124 836 1161 879 ac
1177 838 1369 902 quamquam

69 943 108 985 ex
144 924 196 985 eis
229 941 300 985 non
327 929 452 988 tantum
483 922 605 985 buctus
639 928 795 1006 quantum
825 942 865 986 ex
894 923 1020 987 Graecis
1048 925 1113 988 scil.
1139 943 1178 988 ex
1206 925 1308 990 Dione
1340 933 1371 990 et

71 1029 202 1092 Zonara
229 1031 370 1112 capiam,
397 1036 502 1093 tamen
526 1029 565 1093 ob
590 1050 659 1094 eam
687 1050 814 1094 oausam
837 1031 915 1094 utile
945 1032 1003 1093 erit
1026 1030 1065 1094 de
1092 1033 1136 1094 eis
1165 1033 1368 1116 scriptoribus

72 1137 235 1200 disserere
264 1137 348 1220 quod
372 1139 635 1222 opportunitatem
654 1138 734 1200 mibi
748 1137 898 1221 praebent
912 1136 1087 1221 profitendi,
1104 1158 1200 1222 quam
1215 1141 1367 1202 rationem

73 1262 139 1306 esse
161 1244 260 1306 inter
283 1263 335 1307 eos
359 1250 490 1328 etopus
513 1242 682 1307 Liuianum
710 1263 862 1308 censeam.
909 1245 1016 1328 Atque
1043 1251 1080 1308 ut
1104 1247 1314 1328 summatim]

76 1351 191 1432 dicam,
225 1351 271 1413 ad
300 1371 396 1434 quam
427 1353 615 1438 sententiam
642 1354 851 1434 pervenerim:
887 1370 946 1414 nec
969 1349 1080 1414 Florus
1108 1369 1211 1435 neque
1239 1351 1369 1417 Orosius

78 1477 180 1542 neque
209 1459 242 1522 is
275 1461 330 1542 qui
367 1461 524 1543 epitomen
556 1458 688 1521 confecit
719 1461 824 1542 ipsum
856 1456 983 1521 Livium
1011 1456 1050 1520 ob
1083 1458 1189 1521 oculos
1226 1459 1367 1523 habebat.

81 1565 280 1647 'lbouretiib
305 1572 412 1630 autem
434 1567 606 1629 sententiae
630 1567 686 1648 qui
710 1583 818 1628 omnes
842 1569 905 1626 tres
929 1565 1064 1628 eundem
1078 1566 1113 1626 in
1130 1585 1224 1629 usum
1239 1587 1368 1630 vocasse

80 1672 196 1736 fontem
223 1673 399 1736 arbitratus
428 1678 487 1754 est,
521 1674 666 1735 assentiri
698 1692 763 1735 non
785 1691 923 1755 possum,
948 1693 1140 1755 quamquam
1163 1672 1369 1738 libentissime

79 1779 193 1863 largior
219 1782 320 1843 etiam
341 1783 376 1842 in
400 1782 444 1844 eis
467 1780 617 1864 partibus,
641 1779 812 1864 dequibus
836 1778 914 1840 mibi
933 1780 1158 1863 disputandum
1182 1788 1237 1864 est,
1261 1788 1368 1846 extare

86 1889 242 1969 quaedam
278 1887 408 1968 indicia,
438 1907 518 1972 quae
549 1888 709 1950 Thouretii
732 1889 905 1951 sententiae
932 1887 1064 1948 faveant.
1090 1923 1131 1931 -
1155 1889 1203 1950 Ac
1230 1890 1368 1972 primum

87 1993 211 2075 quidem
237 1995 279 2058 de
302 1993 394 2058 Floro
418 1995 530 2077 dicam,
555 1997 610 2079 qui
633 1994 817 2058 duodecimo
842 1996 942 2077 capite
965 1992 1003 2054 de
1026 1992 1108 2055 bello
1124 1992 1256 2058 Etrusco
1280 1994 1369 2058 Sam·

86 2100 173 2163 nilico
200 2100 327 2165 Gallico
351 2104 428 2186 agit,
456 2103 590 2187 sedita,
617 2111 653 2167 ut
680 2109 789 2166 utrum
812 2103 912 2184 magis
940 2099 1134 2164 incredibilis
1162 2103 1229 2183 ejus
1257 2103 1368 2165 levitas

90 2210 267 2272 accusanda
296 2210 337 2271 sit
365 2229 405 2270 au
434 2209 463 2271 11
493 2217 620 2294 propter
651 2211 787 2272 nimium
814 2218 941 2291 captum
967 2207 1061 2268 venia
1093 2207 1204 2290 danda,
1237 2212 1367 2273 nescias.

88 2311 194 2378 Narrat
225 2319 315 2380 enim
342 2315 455 2380 Florus
488 2319 657 2380 acervatim
684 2316 794 2380 ltaliae
825 2320 934 2399 gentes
967 2319 1077 2377 contra
1099 2314 1258 2380 Romanos
1289 2338 1368 2402 pug-

94 2438 173 2485 nasse
196 2429 229 2487 et
245 2423 454 2487 Etruscorum
477 2424 642 2487 duodecim
657 2425 801 2508 populos,
817 2422 955 2486 Umbros
977 2423 1012 2483 in
1034 2423 1068 2485 id
1091 2429 1213 2507 tempus
1235 2425 1368 2490 intactos
1415 2456 1417 2460 ·

98 2530 346 2614 antiquissimum
380 2532 490 2595 Italiae
528 2534 694 2618 populum,
733 2530 921 2594 Samnitium
963 2530 1102 2612 reliquos
1136 2533 1171 2594 in
1209 2532 1369 2595 excidium

96 2631 217 2701 Romani
251 2640 391 2702 nominis
418 2644 546 2723 repente
569 2641 763 2715 coniurasse,
793 2639 879 2700 acsi
906 2639 942 2700 in
970 2637 1176 2719 sequentibus
1209 2645 1368 2703 auctorem

95 2740 126 2804 de
147 2743 179 2820 Q.
196 2745 291 2810 Fabii
310 2745 443 2809 Maximi
466 2746 560 2810 rebus
583 2747 679 2828 gestis
703 2750 734 2806 et
757 2743 795 2806 de
818 2743 852 2806 P.
869 2742 958 2806 Decii
982 2743 1148 2807 devotione
1164 2744 1368 2809 disserentem

92 2850 187 2934 audis,
210 2855 319 2938 prima
342 2853 470 2936 quidem
498 2853 601 2936 specie
628 2851 810 2914 consulatus
838 2853 914 2914 anni
938 2853 1004 2914 459
1028 2872 1059 2913 u.
1081 2869 1105 2914 c.
1126 2869 1176 2913 res
1199 2855 1368 2917 memoriae

94 2959 177 3037 prodi
206 2959 369 3046 cogitabis.
416 2958 477 3022 Sed
504 2961 623 3022 mirum
644 2961 679 3021 in
704 2959 835 3022 modum
858 2959 970 3022 Florus
993 2977 1043 3021 res
1067 2957 1246 3022 obscuravit
1274 2967 1368 3044 atque

91 3063 167 3128 inter
195 3087 230 3132 se
260 3066 410 3130 confudit.
457 3065 601 3129 Primum
624 3085 695 3128 cum
717 3068 771 3147 §1
796 3073 860 3131 tres
883 3072 1007 3130 tantum
1028 3066 1161 3150 populos
1177 3069 1366 3150 coniurasse,

92 3171 206 3257 referat,
231 3177 331 3239 111111
352 3174 466 3236 infesta
488 3177 649 3256 quattuor
672 3175 836 3256 agminum
859 3176 950 3257 signa
971 3192 1028 3257 per
1042 3172 1204 3236 Etruriam
1219 3175 1367 3238 volitasse

92 3275 168 3362 dicit,
191 3289 263 3346 tum
286 3283 360 3345 inde
383 3302 402 3344 a
423 3281 618 3365 paragrapho
642 3283 733 3344 tertia
756 3288 864 3344 auctor
887 3280 991 3344 subito
1014 3282 1049 3342 in
1072 3299 1131 3365 res,
1157 3303 1236 3365 quas
1258 3282 1368 3346 Livius

94 3392 218 3469 exponit
242 3365 323 3454 libro
346 3409 431 3452 nono
460 3408 524 3472 cap.
550 3389 590 3450 36
615 3409 682 3472 sqq.
706 3389 829 3470 incidit,
852 3407 955 3471 neque
982 3389 1085 3450 solum
1111 3407 1161 3451 res
1186 3390 1223 3451 ad
1251 3390 1368 3454 librum

93 3507 208 3559 nonum
232 3499 436 3583 pertinentes,
459 3497 513 3560 sed
538 3497 631 3560 etiam
655 3495 752 3559 verba
775 3515 815 3558 ex
831 3496 962 3559 diversis
979 3496 1119 3576 ejusdem
1132 3495 1206 3559 libri
1226 3496 1367 3580 partibus

92 3601 182 3678 petita
210 3606 287 3668 inde
315 3627 333 3668 a
356 3607 374 3687 ᾗ
393 3608 411 3668 3
436 3604 599 3689 usquead
623 3604 677 3685 §6
701 3604 857 3687 leguntur.
867 3601 889 3683 2)
937 3601 1004 3665 Neo
1030 3604 1186 3666 minorem
1209 3604 1367 3688 levitatem

95 3720 302 3739 Ἂ-

177 3795 196 3864 1)
216 3796 272 3852 Der
290 3797 430 3852 Gallische
448 3798 541 3851 Brand
559 3796 602 3851 in:
621 3797 666 3850 XI.
685 3797 739 3851 vol.
759 3795 849 3865 suppl.
870 3796 963 3850 annal.
982 3795 1080 3850 Jahnii
1096 3815 1124 3866 p.
1147 3797 1204 3851 182.

177 3883 288 3953 ι1111111.
308 3887 373 3956 52:
395 3886 508 3952 ,Umbri
530 3886 560 3940 111
582 3885 612 3940 id
634 3889 744 3954 tempus
768 3889 873 3936 intocti“
893 3884 927 3939 of.
948 3903 970 3938 1.
990 3885 1049 3940 Liv.
1068 3885 1113 3940 IX.
1132 3886 1175 3941 41.
1196 3886 1224 3940 8:
1251 3887 1366 3943 defectis

93 3964 253 4029 Umbrorum
272 3976 364 4046 gentis
384 3982 502 4044 integrae
521 3993 538 4029 a
557 3975 682 4029 cladibus
700 3974 775 4028 belli.

176 4061 246 4119 Flor.
270 4068 286 4135 ὅ
310 4067 338 4120 3:
363 4065 497 4120 Ciminius
525 4065 640 4119 interim
668 4065 756 4118 saltus
783 4062 812 4116 in
839 4063 932 4118 medio
961 4067 1026 4118 ante
1054 4063 1145 4118 invius
1173 4065 1257 4134 plane
1285 4065 1366 4136 quasi

97 4141 251 4208 Caledonius
268 4157 313 4210 111
330 4154 501 4224 Hercynius*
525 4153 596 4208 conf.
617 4171 639 4207 1.
659 4153 687 4207 L.
707 4152 751 4206 IX.
772 4153 813 4206 36.
836 4154 858 4207 1.
883 4151 958 4230 Silva
978 4157 1038 4207 erat
1057 4153 1176 4207 Ciminia
1195 4154 1365 4226 megistum

98 4228 166 4290 invia
183 4281 189 4292 ·
209 4283 215 4296 .
235 4284 240 4298 .
261 4284 267 4296 .
287 4263 371 4314 quam
389 4263 480 4314 nuper
498 4245 573 4298 fuere
594 4242 751 4297 Germanioi
771 4243 867 4296 saltus,

180 4329 250 4389 Flor.
269 4337 286 4404 5
303 4335 333 4388 4:
352 4334 399 4388 1111
417 4352 468 4404 per
485 4337 598 4389 noctem
615 4331 753 4403 pastorali
770 4331 871 4386 habitu
886 4333 1046 4402 speculatus
1061 4332 1156 4388 omnia
1169 4333 1254 4388 refert
1270 4337 1365 4388 tutum

102 4404 161 4464 iteru
183 4424 251 4476 conf.
281 4441 303 4478 c.
331 4423 409 4478 Livio
437 4424 482 4478 IX.
506 4425 549 4479 36.
573 4425 602 4476 2:
635 4422 811 4492 speculatum
839 4439 868 4476 se
895 4421 1001 4475 iturum
1031 4421 1170 4492 professus
1203 4426 1232 4478 et
1251 4463 1363 4479 .....

103 4523 131 4538 *
148 4505 162 4574 ἓ
179 4511 244 4563 ss'-
264 4513 320 4568 1111
339 4512 472 4582 pastorali
491 4511 598 4567 habitu.
