3216 5082
645 309 863 369 ..13-

110 487 257 544 nostrum
282 481 509 568 deprompsisse
533 485 735 552 arbitrantur.
769 487 822 549 sed
855 488 897 548 ita
922 494 958 549 ιι5
985 506 1161 549 6610100610
1190 488 1289 567 magis
1318 505 1394 548 suae

114 589 210 652 aetati
237 589 408 673 adaptaret,
437 593 498 654 alia
530 613 610 676 quae
638 594 675 657 ab
703 597 830 678 ingenio
859 614 916 657 suo
941 595 1043 657 aliena
1075 601 1190 673 essent,
1226 596 1393 675 omitteret,

115 697 178 758 alia
201 716 282 779 quae
304 700 370 760 rim
394 700 580 762 rhetoricam
604 703 774 785 augerent,¹
794 703 958 765 hominum
982 702 1180 785 loquentium
1203 702 1340 764 indolem
1364 707 1394 764 et

114 811 260 866 naturam
284 807 397 869 melius
421 808 622 883 illustrarent.
647 809 780 873 adderet.
820 810 893 873 Jam
917 816 1043 894 tempus
1067 815 1114 872 est
1135 827 1293 892 quaerere,
1316 829 1394 871 num

114 913 194 995 quid
219 930 258 974 ex
275 913 334 975 hac
356 915 593 978 ratiocinatione
617 916 656 978 ad
678 917 914 1000 investigandos
937 918 1038 980 fontes
1057 923 1237 979 nostrorum
1257 917 1395 999 capitum

110 1020 281 1082 lucremur.
329 1020 377 1082 Ac
399 1023 501 1104 primo
529 1023 691 1088 oculorum
721 1023 833 1086 obtutu
860 1025 1027 1087 coniecerit
1051 1024 1221 1107 quispiam,
1250 1025 1277 1086 si
1299 1022 1396 1085 verba

114 1127 156 1205 ξς
182 1128 267 1188 3-4
291 1146 356 1210 cap.
380 1127 441 1190 VI:
465 1134 584 1192 »tamen
609 1137 831 1194 -certamen
855 1133 1002 1213 injectum
1032 1133 1114 1194 inter
1140 1132 1292 1213 primores
1320 1132 1395 1193 civi—

114 1235 191 1296 tatis
222 1237 368 1316 patricios
399 1235 601 1319 plebeiosque
635 1236 673 1299 ab
707 1238 843 1300 tribunis
875 1239 914 1321 pl.
946 1237 980 1313 Q.
1009 1243 1039 1300 et
1067 1236 1121 1300 On.
1148 1235 1306 1320 Ogulniis,
1340 1239 1395 1320 qui

116 1340 259 1422 undique
285 1342 554 1406 criminandorum
582 1349 707 1427 patrum
732 1346 813 1428 apud
843 1345 966 1429 plebem
995 1344 1211 1408 occasionibus
1246 1345 1395 1426 quaesitis

118 1465 250 1509 —eam
274 1451 429 1511 actionem
452 1457 671 1534 susceperunt,
696 1472 758 1535 qna
781 1472 844 1514 non
870 1451 1012 1514 infimam
1032 1451 1155 1535 plebem
1179 1450 1396 1513 accenderent«

117 1574 162 1636 sq.
193 1559 223 1616 et
253 1574 334 1637 quae
357 1555 497 1636 ejusdem
526 1559 636 1640 capitis
657 1559 859 1642 paragraphis
879 1559 983 1620 9-11
1003 1565 1033 1621 65
1056 1558 1201 1640 sequenti
1225 1556 1394 1634 0161100611

115 1666 332 1742 exponuntur,
371 1663 453 1725 inter
491 1683 525 1726 se
564 1669 732 1747 comparet,
773 1666 935 1728 transiisse
968 1664 1095 1727 Livium
1135 1684 1153 1726 a
1192 1665 1342 1745 scriptore
1378 1684 1396 1725 a

113 1768 320 1850 patriciorum
366 1774 453 1851 parte
476 1771 572 1832 stanti
618 1770 658 1833 ad
702 1771 799 1833 alium
840 1770 941 1854 plebis
985 1769 1157 1833 commodis
1200 1770 1396 1850 servientem,

114 1877 299 1957 praesertim
329 1896 401 1938 cum
429 1878 499 1940 ahis
527 1877 603 1940 locis
631 1884 776 1941 nostrum
804 1879 939 1941 fontium
974 1877 1203 1941 dissensionem
1237 1877 1274 1939 de
1301 1876 1396 1940 rebus

117 1980 253 2064 publicis
276 1982 454 2064 neglexisse
481 1985 556 2047 satis
580 1986 620 2047 sit
643 1991 764 2047 certum
772 1983 804 2066 2).
840 1987 989 2047 Attamen
1013 1986 1152 2046 incertus
1173 1983 1295 2064 haaren,
1319 2004 1397 2046 num

118 2087 203 2169 quod
226 2088 310 2151 haud
336 2089 396 2152 sibi
419 2095 562 2153 constare
584 2091 710 2153 videtur
729 2092 885 2172 judicium
909 2092 947 2154 de
965 2089 1110 2173 Ogulniis
1134 2109 1307 2173 eorumque
1329 2091 1398 2173 lege

114 2195 275 2278 prolatum
299 2197 352 2258 alii
376 2216 409 2260 se
433 2197 641 2261 adstrinxisse
665 2203 770 2261 noster
793 2201 834 2261 sit
853 2198 1052 2281 judicandus.
1099 2195 1211 2281 Neque
1239 2199 1324 2259 enim
1346 2215 1397 2259 res

115 2303 204 2384 ipsae
226 2304 309 2365 inter
332 2323 365 2367 se
389 2305 578 2388 discrepant,
602 2307 657 2368 sed
674 2307 730 2368 toti
747 2308 880 2369 orationi
897 2307 988 2389 quasi
1007 2305 1093 2368 color
1107 2304 1248 2388 plebeius
1265 2303 1397 2367 diffusus

119 2415 177 2488 est,
199 2411 231 2472 id
257 2412 339 2494 quod
363 2412 473 2475 fecisse
495 2413 654 2495 putandus
678 2419 725 2476 est
747 2420 862 2495 noster,
887 2415 963 2497 quia
986 2411 1118 2475 Decium
1141 2413 1243 2495 legem
1264 2411 1398 2474 suaden-

120 2521 185 2577 tem
208 2518 333 2581 inducit.
368 2519 442 2583 Huc
465 2520 591 2600 accedit,
616 2520 700 2603 qnod
722 2521 797 2583 huic
812 2519 902 2584 Decii
918 2522 1051 2584 orationi
1068 2521 1168 2583 multa
1182 2520 1301 2600 insunt,
1318 2537 1398 2601 quae

212 2765 232 2833 1)
250 2765 403 2836 Praecipue
422 2768 540 2836 respicio
560 2768 656 2823 verba:
678 2768 910 2833 „simulabant
928 2768 964 2821 ad
982 2768 1048 2821 deos
1066 2767 1096 2820 id
1114 2766 1204 2836 magis
1220 2783 1304 2835 quam
1320 2766 1355 2818 ad
1370 2782 1398 2820 66

116 2852 274 2921 pertinere“
296 2860 325 2909 et
343 2858 553 2927 paragraphum
571 2859 684 2912 tertiam
705 2875 765 2926 cap.
784 2856 861 2910 VIII:
885 2860 914 2910 et
937 2873 1013 2909 nunc
1031 2855 1160 2910 tribunus
1186 2854 1242 2922 „vir
1264 2853 1344 2908 fortis
1367 2871 1400 2908 ac

117 2944 273 2998 strennns‘
295 2977 328 2984 -
347 2944 388 3000 De
412 2946 557 3001 adiectivis
578 2949 673 3014 „fortis
693 2965 725 3000 ao
741 2950 884 3000 65160006α
906 2963 979 3013 qnae
995 2944 1176 2999 inveniuntur
1189 2945 1265 3013 apud
1278 2943 1399 2996 Livium:

118 3032 139 3084 I.
160 3032 202 3085 34.
222 3034 247 3087 6.
272 3033 317 3087 IV.
338 3035 362 3088 3.
384 3037 424 3090 16.
449 3036 493 3090 IV.
514 3039 538 3092 5.
559 3039 583 3092 5.
608 3038 652 3091 IV.
673 3037 714 3090 35.
735 3038 759 3090 9.
787 3035 815 3088 V.
837 3037 878 3088 12.
898 3036 923 3090 8.
948 3035 980 3089 X.
1001 3034 1025 3088 8.
1046 3034 1069 3087 3.
1093 3034 1238 3088 11111135.
1260 3034 1283 3086 7.
1303 3032 1398 3085 XXIII.

120 3120 145 3172 3.
166 3123 189 3174 6.
208 3121 303 3175 XXIII.
327 3124 366 3178 15.
389 3125 428 3178 10.
448 3125 567 3180 XXVIII.
587 3128 630 3180 40.
650 3129 674 3180 4.
698 3125 844 3180 XXXVIII.
863 3126 906 3179 41.
926 3125 951 3178 4.
974 3123 1120 3177 XXXVIII.
1140 3124 1183 3178 47.
1203 3125 1226 3176 5.
1251 3121 1398 3174 XXXVIII.

120 3210 166 3265 49.
185 3211 209 3264 8.
232 3218 306 3267 16016
332 3213 402 3268 illud
425 3215 539 3283 quidem
562 3215 805 3270 Weissenbornius
830 3215 865 3268 ad
884 3214 1004 3267 XXVIII.
1024 3215 1059 3268 40
1083 3215 1202 3267 adnotat
1224 3215 1253 3266 et
1278 3212 1311 3264 de
1334 3210 1400 3263 viris

120 3299 254 3368 spectatis
273 3306 302 3356 65
321 3303 355 3356 de
374 3303 413 3357 eis
433 3303 481 3372 qui
500 3305 607 3358 maiora
626 3305 757 3358 affectent
775 3323 809 3359 ea
826 3303 968 3372 usurpari.
992 3303 1080 3357 veluti
1105 3301 1272 3371 Tarquinius
1290 3299 1400 3354 Priscus

118 3387 224 3442 dicitur
242 3391 284 3444 vir
302 3392 382 3446 fortis
402 3410 435 3446 60
454 3398 582 3447 65160006
600 3394 684 3447 101666
700 3395 775 3463 quod
790 3392 951 3462 peregrinus
961 3392 1067 3462 primus
1086 3394 1115 3446 65
1133 3390 1234 3460 petivit
1253 3389 1400 3443 ambitiose

115 3495 237 3547 regnum
258 3484 286 3535 et
306 3481 461 3536 orationem
480 3482 592 3545 habuit;
612 3484 659 3537 sed
679 3483 708 3536 id
725 3482 808 3537 velim
827 3481 965 3535 addidisse
984 3481 1074 3536 virum
1097 3481 1123 3534 d.
1141 3471 1280 3549 in'prima
1298 3478 1401 3532 decade

116 3573 239 3638 excepto
262 3571 324 3625 loco
347 3571 412 3624 libri
435 3572 519 3641 primi
542 3589 575 3627 ea
593 3590 650 3627 non
669 3573 723 3626 nisi
742 3573 771 3625 in
791 3571 964 3626 orationibus
988 3590 1036 3626 eeu
1059 3570 1172 3624 directis
1191 3587 1239 3623 660
1257 3567 1401 3622 indirectis

116 3657 240 3712 inveniri
259 3663 287 3714 et
306 3660 455 3730 praecipue
474 3663 508 3716 de
528 3661 568 3716 eis
586 3660 642 3715 dici
661 3662 709 3730 qui
723 3661 868 3732 potentiae
882 3661 1066 3730 patriciorum
1081 3661 1193 3714 obviam
1207 3659 1329 3713 eundum
1343 3675 1401 3712 6666

119 3747 281 3801 censebant.
302 3781 335 3787 -
354 3749 494 3804 Adverbia
520 3750 646 3814 „fortiter
669 3768 702 3804 ac
726 3753 853 3804 strenuet
879 3750 1012 3819 leguntur
1033 3749 1103 3803 XXI.
1123 3750 1148 3804 4.
1168 3750 1192 3804 4.
1212 3747 1294 3802 XXX
1315 3748 1355 3800 14.
1376 3746 1400 3800 8.

121 3865 157 3873 —
176 3835 222 3891 Ill.
246 3837 288 3892 47.
312 3839 335 3891 2.
362 3838 469 3893 codices
493 3839 625 3892 exhibent
649 3843 761 3893 strenue
785 3855 818 3892 ac
845 3837 1060 3902 „ferociter“,
1089 3837 1137 3892 sed
1165 3839 1241 3890 16056
1264 3834 1325 3903 jam
1352 3833 1402 3887 alii

122 3927 304 3982 coniecerunt
323 3928 501 3982 scribendum
519 3945 578 3983 esse
599 3932 726 3993 „strenue
745 3945 778 3982 60
796 3927 931 3982 fortiter.

213 4019 331 4088 2111001,
354 4019 488 4073 Liibberti
512 4017 793 4073 commentationem:
818 4015 1025 4072 observationes
1050 4013 1163 4068 criticae
1186 4013 1220 4066 de
1243 4010 1315 4065 Livii
1337 4011 1402 4064 libri

123 4108 218 4176 quarti
237 4108 370 4172 fontibus,
391 4108 503 4162 Giessae
525 4108 600 4164 1872.
618 4126 647 4177 p.
669 4107 781 4164 18-23.
801 4106 850 4174 qui
869 4106 943 4159 inter
962 4104 1058 4174 capita
1075 4104 1111 4156 48
1129 4107 1158 4156 65
1181 4102 1213 4154 51
1238 4101 1314 4155 111106
1337 4099 1402 4153 libri

123 4196 161 4250 ab
180 4201 292 4252 auctore
311 4197 438 4266 patriciis
456 4198 622 4252 faventead
642 4196 728 4250 6110111
748 4195 831 4249 611561
849 4195 883 4249 de
902 4211 930 4247 re
949 4193 1064 4263 publica
1078 4192 1244 4246 sentientem
1259 4189 1401 4244 transiisse

123 4287 226 4342 statuit
248 4288 302 4341 hac
325 4287 488 4357 potisimum
508 4285 755 4356 argumentatione
773 4302 851 4337 usus:
879 4284 975 4338 verba:
1012 4299 1099 4351 „quae
1122 4297 1247 4350 possesso
1266 4278 1402 4348 0611010-

122 4376 196 4430 riam
220 4393 288 4446 agro
311 4375 427 4446 publico
450 4379 544 4444 patres
568 4375 708 4445 pellebatt
737 4373 793 4426 alia
815 4376 909 4426 mente
935 4389 992 4426 esse
1015 4371 1091 4424 dicta
1115 4373 1201 4439 atque
1225 4386 1297 4438 quae
1319 4367 1401 4422 initio

123 4483 186 4535 cap.
209 4465 245 4519 48
267 4466 408 4535 leguntur.
433 4497 465 4503 -
486 4465 562 4520 Ocni.
583 4461 841 4519 Weissenbornium
866 4462 902 4514 ad
925 4461 976 4513 hos
1000 4460 1075 4513 locos
1100 4464 1128 4512 et
1152 4455 1319 4526 Schwegleri
1336 4455 1401 4509 hist.

123 4556 203 4610 Rom.
223 4555 256 4609 II.
275 4555 326 4608 447
347 4571 371 4607 a.
394 4555 405 4606 1
427 4558 455 4608 65
474 4554 534 4608 638.
